1538 2496
93 145 177 188 308
297 155 522 179 ammonas
647 138 861 175 METAMM
871 165 881 174 .

147 263 191 294 80
211 254 387 306 Eripitur
406 284 417 305 ,
448 263 521 291 nec
552 249 665 289 mella
697 249 821 301 thymi
851 247 1068 288 redolentia
1099 246 1195 286 flore

213 313 380 363 Prodiga
411 310 562 349 divitias
594 309 856 358 alimentaque
887 308 996 346 mitia
1026 305 1143 345 tellus

215 371 399 422 Suggerit
424 374 540 419 atque
567 366 701 418 epulas
728 367 812 405 sine
838 365 957 404 caede
984 370 1024 404 et
1042 365 1230 416 sanguine
1251 363 1432 416 praebet.

215 430 339 469 Carne
372 428 478 466 ferae
510 425 648 465 sedant
677 425 853 476 ieiunia,
884 435 958 463 nec
989 429 1120 462 tamen
1151 434 1310 462 omnes.

215 488 369 539 Quippe
395 497 521 536 equus
549 489 588 523 et
612 483 784 535 pecudes
805 487 1058 533 armentaque
1078 483 1251 533 gramine
1278 482 1434 521 vivunt:

152 555 193 585 85
216 547 263 585 At
294 544 438 596 quihus
468 544 671 594 ingenium
707 547 768 581 est
804 542 1174 592 inmansuetumque
1207 541 1435 591 serumque,

214 604 501 653 Armeniaeque
531 603 653 652 tigres
684 600 941 651 iracundique
974 599 1131 648 leones,

215 663 392 713 Cumque
424 661 526 712 lupis
559 661 673 712 ursi,
705 658 868 710 dapibus
901 670 991 697 cum
1022 658 1211 709 sanguine
1243 656 1432 708 gaudent.

215 721 300 760 Heu
334 725 522 771 quantum
555 718 683 757 scelus
715 724 775 757 est
806 719 845 756 in
878 718 1027 756 viscera
1058 717 1209 755 viscera
1239 715 1379 767 condi,

217 780 490 830 Congestoque
523 777 678 816 avidum
708 777 970 828 pinguescere
1002 786 1168 826 corpore
1200 786 1368 826 corpus,

154 847 197 878 90
217 839 467 888 Alteriusque
500 837 738 874 animantem
770 835 978 873 animantis
1009 835 1140 872 vivere
1171 832 1272 872 leto!

218 897 376 936 Scilicet
405 897 447 934 in
479 896 596 933 tantis
628 893 768 946 opibus
787 925 798 946 ,
830 904 927 944 quas
958 893 1104 944 optima
1134 898 1306 930 matrum

218 956 341 994 Terra
371 955 503 1006 parit,
536 952 590 991 nil
622 958 661 992 te
694 953 771 991 nisi
802 952 930 990 tristia
961 950 1146 990 mandere
1178 961 1292 988 saevo

220 1014 389 1052 Vulnera
421 1012 537 1050 dente
569 1013 704 1063 iuvat,
735 1012 938 1061 rictusque
970 1009 1121 1048 referre
1154 1004 1400 1060 Cyclopum?

218 1073 298 1111 Nec
316 1103 328 1124 ‚
359 1071 436 1110 nisi
466 1069 685 1121 perdideris
717 1068 834 1107 alium
853 1100 864 1121 ,
894 1067 1048 1120 placare
1079 1067 1230 1106 voracis

155 1140 199 1171 95
219 1131 270 1170 Et
300 1129 398 1168 male
431 1129 572 1167 morati
601 1128 752 1179 poteris
783 1128 929 1166 ieiunia
959 1123 1142 1165 ventris?

220 1190 268 1228 At
297 1193 410 1228 vetus
442 1186 506 1225 illa
537 1191 642 1225 aetas
661 1217 673 1238 ,
704 1186 770 1225 cui
800 1185 965 1224 fecimus
997 1195 1116 1224 aurea
1145 1195 1313 1236 nomen,

223 1246 385 1287 Fetibus
418 1245 593 1284 arboreis
626 1250 695 1297 et,
727 1256 823 1295 quas
854 1243 999 1283 humus
1031 1242 1201 1296 educat,
1227 1241 1359 1282 herbis

224 1306 436 1345 Fortunata
468 1304 542 1342 suit
560 1335 570 1355 ‚
602 1315 675 1342 nec
706 1302 847 1355 polluit
876 1314 945 1341 ora
977 1313 1141 1341 cruore.

222 1365 334 1404 Tunc
366 1369 405 1402 et
436 1374 524 1402 aves
550 1367 657 1401 tutae
689 1373 847 1400 movere
877 1373 949 1413 per
981 1364 1070 1400 aera
1100 1371 1274 1412 pennas,

138 1432 203 1464 100
222 1423 272 1462 Et
302 1423 414 1474 lepus
445 1420 650 1472 inpavidus
678 1420 815 1459 mediis
847 1421 992 1459 erravit
1021 1421 1063 1458 in
1093 1413 1251 1472 herbis,

223 1482 304 1521 Nec
336 1492 406 1519 sua
438 1479 648 1518 credulitas
680 1480 829 1530 piscem
861 1477 1121 1530 suspenderat
1140 1477 1290 1517 hamo:

227 1541 373 1580 Cuncta
406 1540 490 1577 sine
522 1537 674 1576 insidiis
706 1536 930 1588 nullamque
962 1537 1139 1575 timentia
1167 1535 1347 1575 fraudem

226 1599 422 1649 Plenaque
454 1598 560 1648 pacis
593 1601 731 1634 erant.
769 1601 978 1647 postquam
1008 1606 1087 1633 non
1118 1593 1226 1633 utilis
1258 1599 1393 1634 auctor

227 1656 402 1697 victibus
427 1655 593 1706 invidit,
625 1655 803 1705 quisquis
834 1654 909 1693 fuit
939 1652 1026 1705 ille,
1057 1654 1259 1705 priorum,

144 1725 208 1757 105
230 1717 526 1767 Corporeasque
559 1713 677 1764 dapes
709 1712 859 1752 avidam
890 1711 1078 1752 demersit
1107 1713 1149 1751 in
1180 1711 1330 1765 alvum,

228 1776 338 1815 Fecit
368 1775 444 1812 iter
471 1771 639 1811 sceleri.
677 1772 882 1823 primaque
913 1783 935 1810 e
967 1770 1085 1810 caede
1117 1770 1291 1810 ferarum

231 1833 444 1873 lncaluisse
475 1836 611 1882 putem
643 1830 879 1870 maculatum
911 1814 1100 1882 sanguffi
1130 1829 1302 1869 ferrum:

230 1893 351 1944 quue
384 1891 477 1929 satis
509 1890 638 1928 fuerat
655 1920 666 1941 ,
698 1894 958 1940 nostrumque
989 1888 1163 1940 petentia
1193 1887 1315 1928 letum

233 1952 406 2002 Corpora
437 1949 555 1987 missa
586 1949 675 1987 neci
705 1947 808 1986 salva
838 1949 983 1999 pietate
1015 1947 1208 1986 fatemur.

147 2019 212 2049 110
234 2010 309 2048 Sed
343 2019 458 2059 quam
490 2006 616 2046 danda
646 2008 764 2059 neci,
793 2011 873 2046 tam
904 2017 983 2045 non
1014 2004 1206 2057 epulanda
1237 2005 1418 2045 fuerunt.

233 2068 403 2118 Longius
435 2065 525 2106 inde
557 2065 666 2104 nefas
698 2064 822 2118 abiit,
852 2069 892 2104 et
921 2065 1046 2116 prima
1076 2069 1238 2116 putatur

234 2126 368 2165 Hostia
400 2137 466 2164 sus
499 2125 692 2163 meruisse
723 2135 891 2175 necem,
923 2125 1014 2174 quia
1046 2124 1193 2162 semina
1224 2121 1352 2175 pando

235 2185 402 2224 Eruerat
432 2189 561 2222 rostro
594 2194 783 2234 spemque
815 2184 1080 2234 interceperat
1111 2182 1224 2222 anni.

235 2243 320 2282 Vite
353 2253 468 2293 caper
501 2253 630 2281 morsa
660 2241 803 2281 Bacchi
834 2246 1025 2280 mactatus
1057 2240 1105 2280 ad
1136 2252 1222 2280 aras

151 2310 215 2341 115
237 2302 386 2340 Dicitur
418 2300 557 2340 ultoris
577 2331 586 2341 .
624 2303 760 2340 nocuit
790 2313 861 2340 sua
886 2299 1000 2351 culpa
1030 2299 1206 2340 duobus.

238 2360 337 2405 Ouid
365 2361 566 2399 meruistis
592 2371 683 2398 oves
702 2391 713 2412 ‚
738 2359 934 2412 placidum
958 2371 1081 2411 pecus
1098 2390 1111 2412 ‚
1141 2359 1261 2410 inque
1287 2355 1454 2398 tuendos
