1538 2496
84 76 164 118 198
320 90 474 113 ouranos
628 75 843 112 METAMM
857 102 865 111 .

196 186 384 241 Pectora,
404 199 509 226 nunc
529 186 674 238 lapides
687 218 698 239 ,
719 198 817 237 quos
837 186 968 226 umida
988 188 1157 228 sustinet
1175 187 1262 228 lde.
1281 197 1308 223 r.
1322 197 1416 225 mvi.

198 245 384 285 Orantem
416 246 643 296 frustraque
673 246 820 284 iterum
851 247 1021 285 transire
1051 246 1248 287 volentem

195 303 370 343 Portitor
402 309 610 343 arcuerat.
650 308 801 354 septem
834 309 964 343 tamen
995 304 1059 344 ille
1091 305 1230 345 diebus

198 361 405 413 Squalidus
436 364 477 401 in
508 364 592 413 ripa
625 361 780 401 Cereris
813 363 897 401 sine
929 375 1094 402 munere
1126 364 1251 404 sedit:

133 427 176 460 ⁷5
196 420 298 460 Cura
330 421 519 471 dolorque
551 421 669 459 animi
700 420 961 472 lacrimaeque
994 421 1176 462 alimenta
1206 423 1341 462 suere.

195 478 292 518 Esse
325 479 418 518 deos
449 478 569 518 Erebi
601 479 781 518 crudeles
813 485 1008 533 questus,
1040 482 1081 519 in
1113 480 1230 520 altam

195 537 246 576 Se
278 539 417 590 recipit
435 537 652 589 Rhodopen
682 538 919 590 pulsumque
938 539 1186 590 aquilonibus
1204 539 1416 581 Haemum.

194 595 351 635 Tertius
382 598 589 648 aequoreis
619 596 816 637 inclusum
846 597 1027 638 Piscibus
1058 610 1206 639 annum

193 653 365 693 Finierat
395 654 511 695 Titan
529 687 541 708 ,
572 667 807 708 omnemque
838 656 1040 708 refugerat
1070 656 1253 709 Orpheus

129 720 173 753 80
192 712 415 753 Femineam
445 713 668 768 Venerem,
700 727 770 754 seu
802 715 906 766 quod
934 715 1037 754 male
1070 722 1244 756 cesserat
1274 717 1352 769 illi,

193 770 282 810 Sive
314 772 431 811 fidem
462 772 625 812 dederat
643 804 652 813 .
690 773 833 813 multas
863 779 994 813 tamen
1026 773 1143 814 ardor
1174 774 1342 815 habebat

191 829 358 881 Iungere
390 843 432 871 se
463 833 570 872 vati:
601 831 746 871 multae
778 831 940 872 doluere
971 833 1175 885 repulsae.

190 888 259 927 Ille
291 891 407 929 etiam
438 890 636 930 Thracum
665 891 822 942 populis
852 892 928 931 fuit
958 897 1096 932 auctor
1112 924 1125 945 ,
1156 904 1329 932 amorem

190 946 235 985 In
267 954 424 988 teneros
456 950 672 989 transferre
704 961 832 989 mares
849 982 861 1003 ,
893 951 1070 1002 citraque
1100 952 1300 991 iuventam

127 1012 171 1044 85
191 1006 339 1046 Aetatis
369 1007 489 1047 breve
520 1020 589 1048 ver
621 1014 660 1047 et
689 1010 838 1060 primos
870 1021 1032 1061 carpere
1063 1009 1204 1049 flores.

251 1064 368 1105 Collis
400 1072 513 1119 erat,
545 1066 763 1118 collemque
795 1079 914 1119 super
944 1067 1170 1119 planissima
1202 1070 1328 1120 campi

190 1124 320 1177 Area,
353 1137 470 1175 quam
501 1125 666 1164 viridem
698 1125 893 1165 faciehant
923 1128 1111 1177 graminis
1142 1126 1309 1166 herbae.

191 1181 337 1221 Umbra
367 1183 453 1222 loco
486 1184 648 1223 deerat.
688 1196 763 1236 qua
794 1190 1002 1236 postquam
1032 1190 1144 1237 parte
1174 1185 1324 1225 resedit

188 1239 256 1279 Dis
287 1243 442 1292 genitus
474 1248 581 1282 vates
613 1248 652 1282 et
682 1243 745 1282 fila
776 1245 954 1283 sonantia
984 1245 1128 1297 movit,

125 1306 169 1337 90
188 1297 334 1339 Umbra
364 1300 451 1340 loco
483 1303 616 1340 venit.
660 1313 740 1341 non
772 1301 940 1341 Chaonis
972 1303 1069 1342 afuit
1099 1302 1240 1355 arhor,

188 1357 275 1397 Non
307 1371 446 1398 nemus
477 1359 714 1413 Heliadum,
745 1372 825 1400 non
855 1361 1062 1400 frondibus
1093 1361 1273 1401 aesculus
1306 1362 1415 1414 altis,

188 1415 270 1455 Nec
301 1417 405 1456 tiliae
437 1418 574 1458 molles
592 1451 603 1471 ,
635 1430 708 1458 nec
739 1419 851 1470 fagus
882 1426 923 1459 et
952 1419 1100 1459 innuba
1130 1420 1290 1474 laurus,

188 1474 270 1514 Nec
302 1476 423 1528 coryli
453 1477 611 1528 fragiles
643 1482 683 1517 et
713 1478 888 1517 fraxinus
920 1478 1028 1517 utilis
1053 1478 1175 1519 hastis

188 1533 414 1586 Enodisque
446 1534 552 1575 abies
585 1538 806 1587 cirrataque
837 1536 1043 1588 glandibus
1073 1537 1150 1576 ilex

124 1599 168 1630 95
189 1592 240 1632 Et
268 1593 451 1645 platanus
481 1594 644 1646 genialis
676 1607 845 1646 acerque
877 1594 1076 1635 coloribus
1107 1598 1245 1650 inpar,

188 1651 492 1704 Amnicolaeque
524 1653 641 1693 simul
673 1653 813 1692 salices
847 1659 886 1693 et
915 1655 1094 1706 aquatica
1124 1655 1226 1694 lotos

186 1709 465 1763 Perpetuoque
489 1713 622 1751 virens
652 1712 802 1752 buxum
833 1718 1054 1765 tenuesque
1085 1715 1255 1766 myricae

187 1767 238 1808 Et
267 1768 419 1809 bicolor
450 1776 602 1822 myrtus
634 1776 674 1810 et
704 1771 811 1811 bacis
843 1772 999 1811 caerula
1030 1773 1160 1812 tinus.

187 1826 263 1866 Vos
296 1840 453 1880 quoque
471 1861 483 1882 ‚
513 1829 726 1881 flexipedes
756 1830 924 1869 hederae
942 1863 954 1884 ,
985 1819 1150 1870 venistis
1179 1837 1220 1870 et
1250 1843 1325 1871 una

103 1892 168 1924 100
187 1885 422 1938 Pampineae
453 1889 553 1928 vites
585 1895 624 1927 et
655 1890 817 1928 amictae
848 1889 992 1928 vitibus
1024 1889 1144 1929 ulmi:

188 1944 364 1996 Ornique
395 1952 436 1986 et
464 1948 599 1998 piceae
630 1960 826 1999 pomoque
858 1953 1016 1988 onerata
1047 1947 1207 1987 rubenti

187 2003 361 2043 Arbutus
393 2011 433 2044 et
462 2005 590 2045 lentae
607 2038 620 2059 ‚
651 2008 812 2046 victoris
841 2008 1015 2058 praemia
1032 2038 1044 2060 ,
1074 2006 1223 2058 palmae

186 2061 238 2101 Et
267 2064 468 2102 succincta
499 2076 630 2104 comas
661 2065 892 2117 hirsutaque
923 2066 1071 2105 vertice
1101 2067 1243 2119 pinus,

187 2120 305 2160 Grata
337 2121 454 2161 deum
484 2125 630 2176 matri3
662 2124 857 2175 siquidem
889 2123 1096 2176 Cybeleius
1126 2124 1228 2164 Attis

101 2185 166 2217 105
187 2178 305 2218 Exuit
329 2179 402 2218 hac
427 2180 650 2234 hominem,
674 2188 898 2235 truncoque
922 2183 1102 2223 induruit
1126 2183 1216 2223 illo.
1262 2190 1283 2219 t.
1302 2190 1410 2218 mavit.

244 2239 365 2277 Affuit
395 2239 487 2278 huic
519 2240 657 2279 turbae
689 2247 813 2281 metas
843 2242 994 2282 imitata
1024 2252 1261 2295 cupressus,

185 2295 299 2336 Nunc
331 2296 477 2351 arbor,
507 2310 608 2350 puer
639 2304 729 2339 ante
761 2300 834 2339 deo
868 2300 1035 2341 dilectus
1067 2300 1115 2340 ab
1146 2301 1238 2354 illo,
