1507 2580
534 114 550 149 Ι
565 141 576 158 ,
604 118 785 151 178—251
803 143 810 151 .
997 129 1128 151 meaos
1321 117 1342 156 Ἰ

38 234 103 267 215
125 225 396 266 Enumerare.
435 226 563 264 minor
597 226 671 264 fuit
704 227 786 277 ipsa
817 226 973 264 infamia
1000 237 1113 264 vero.

124 284 294 324 Maenala
326 285 556 322 transieram
589 283 747 323 latebris
778 284 971 323 horrenda
1005 284 1175 323 serarum

125 342 174 382 Et
205 354 295 382 eum
327 341 482 393 Cyllene
515 341 631 393 gelidi
663 344 793 393 pineta
826 342 987 394 Lycaei:

126 400 286 440 Arcadis
318 399 408 439 hinc
441 399 555 439 sedes
587 407 626 439 et
658 401 852 453 inhospita
885 407 985 440 tecta
1018 401 1172 452 tyranni

127 459 358 511 ingredior,
390 458 592 498 traherent
624 471 712 498 cum
745 472 830 498 sera
858 459 1088 511 crepuscula
1121 465 1298 499 noctem.

38 526 106 558 220
129 518 245 569 Signa
278 516 397 569 dedi,
429 519 581 556 venisse
614 517 730 556 deum
750 550 760 570 ,
794 518 1009 569 vulgusque
1041 519 1194 570 precari

126 576 344 629 Coeperat.
383 575 521 615 irridet
552 577 677 627 primo
710 578 772 628 pia
804 583 889 615 vota
923 576 1099 629 Lycaon,

125 635 211 674 Mox
245 636 297 674 ait
329 631 540 686 “experiar
559 666 570 688 ,
602 634 698 674 deus
731 634 793 673 hic
812 667 822 687 ‚
854 635 1078 673 discrimine
1112 642 1272 688 aperto,

126 695 184 732 An
216 694 266 733 sit
298 693 500 732 mortalis.
540 705 613 732 nec
645 695 720 732 erit
752 692 964 732 dubitabile
996 706 1132 732 verum
1150 691 1188 733 .''

126 752 248 791 Nocte
280 763 436 803 gravem
469 764 604 790 somno
637 754 827 803 necopina
859 751 1024 804 perdere
1058 758 1183 791 morte

38 819 105 850 225
126 810 185 849 Me
217 816 356 862 parat:
388 810 483 849 haec
515 810 568 849 illi
599 811 726 862 placet
758 812 996 862 experientia
1028 812 1132 850 veri.

128 868 207 908 Nec
240 874 449 908 contentus
482 881 557 921 eo,
591 871 698 908 missi
730 869 776 907 de
809 875 923 920 gente
956 868 1121 908 Molossa

125 926 281 966 Obsidis
314 929 430 966 unius
461 927 638 979 iugulum
670 939 857 966 mucrone
885 927 1066 979 resolvit,

125 986 252 1037 Atque
283 987 336 1024 ita
368 987 585 1024 semineces
617 987 758 1037 partim
793 985 1034 1024 serventibus
1066 991 1174 1025 artus

125 1043 248 1083 Mollit
279 1045 390 1095 aquis
409 1076 420 1097 ,
452 1046 595 1096 partim
626 1043 804 1083 subiecto
837 1045 980 1083 torruit
1012 1045 1114 1095 igni.

39 1110 106 1143 230
128 1102 235 1148 Quos
261 1102 377 1142 simul
409 1105 583 1154 inposuit
614 1104 789 1155 mensis,
823 1115 892 1154 ego
925 1101 1076 1141 vindice
1110 1102 1261 1142 flamma

128 1161 169 1200 In
203 1161 404 1200 dominum
437 1161 655 1212 dignosque
688 1162 810 1200 everti
843 1166 945 1200 tecta
977 1160 1168 1201 Penates.

126 1219 308 1258 Territus
339 1222 422 1271 ipse
457 1220 555 1271 sugit
574 1251 584 1272 ,
618 1225 834 1271 nactusque
867 1219 1020 1258 silentia
1053 1221 1156 1258 ruris

126 1277 309 1317 Exululat
326 1309 337 1331 ‚
370 1278 594 1329 frustraque
626 1278 734 1328 loqui
767 1283 960 1329 conatur3
993 1277 1039 1316 ab
1072 1279 1156 1329 ipso

127 1336 283 1388 Colligit
313 1348 356 1375 os
390 1336 536 1375 rabiem
555 1368 566 1389 ‚
599 1336 815 1387 solitaeque
848 1335 1031 1388 cupidine
1065 1335 1194 1375 caedis

40 1402 107 1435 235
128 1394 302 1434 Vertitur
321 1396 360 1434 in
381 1395 553 1446 pecudes
571 1427 583 1447 ‚
609 1402 648 1434 et
668 1407 772 1434 nunc
793 1406 949 1446 quoque
971 1395 1160 1445 sanguine
1186 1394 1351 1446 gaudet3

126 1453 169 1493 In
200 1453 311 1492 villos
343 1453 489 1493 abeunt
521 1459 648 1493 vestes
667 1485 678 1506 ‚
710 1455 749 1492 in
782 1465 898 1493 crura
929 1452 1087 1492 lacerti:

126 1511 188 1551 Fit
219 1511 336 1564 lupus
355 1544 366 1565 ‚
397 1518 437 1551 et
468 1514 610 1552 veteris
643 1518 771 1551 servat
803 1513 964 1563 vestigia
997 1512 1168 1551 formae.
1248 1520 1276 1547 ε.
1299 1520 1343 1546 vi.

127 1569 298 1610 Canities
329 1570 465 1610 eadem
497 1576 586 1623 est,
618 1571 752 1610 eadem
785 1570 966 1609 violentia
997 1570 1151 1622 vultus,

127 1628 234 1668 ldem
265 1629 369 1669 oculi
401 1629 563 1682 lucent,
596 1629 730 1668 eadem
763 1630 929 1668 feritatis
961 1630 1109 1680 imago.

43 1695 112 1726 240
132 1687 286 1727 Occidit
315 1699 392 1727 una
424 1688 593 1727 domus:
625 1688 693 1727 sed
726 1700 802 1726 non
836 1687 975 1726 domus
1007 1699 1083 1726 una
1115 1688 1245 1738 perire

128 1745 250 1797 Digna
282 1746 384 1786 fuit:
417 1758 491 1797 qua
524 1752 627 1786 terra
659 1752 795 1799 patet,
828 1746 909 1785 fera
941 1751 1078 1796 regnat
1110 1744 1274 1797 Erinys3

128 1804 170 1843 ln
204 1805 354 1844 facinus
374 1806 524 1844 iurasse
555 1811 700 1857 putes.
739 1804 833 1843 dent
864 1805 973 1843 ocius
1005 1815 1141 1842 omnes

128 1862 234 1909 Quas
264 1875 447 1903 meruere
479 1865 589 1916 pati,
621 1865 677 1903 sic
709 1869 785 1903 stat
816 1864 1038 1915 sententia,
1070 1873 1216 1913 poenas
1231 1857 1257 1900 .'

130 1920 239 1961 Dicta
270 1921 371 1961 lovis
402 1934 492 1974 pars
524 1934 617 1962 voce
649 1921 818 1974 probant
849 1920 1107 1972 stimulosque
1140 1920 1322 1960 frementi

41 1987 108 2019 245
127 1979 340 2033 Adiciunt,
372 1981 436 2020 alii
466 1986 598 2032 partes
631 1979 856 2020 assensibus
888 1978 1073 2030 implent.

132 2038 203 2078 Est
233 2044 363 2078 tamen
396 2039 555 2078 humani
587 2041 742 2091 generis
775 2040 923 2077 iactura
956 2037 1081 2076 dolori

129 2096 320 2136 Omnibus
339 2129 351 2150 ‚
382 2103 421 2137 et
438 2129 450 2150 ‚
482 2110 580 2149 quae
612 2099 663 2137 sit
694 2103 821 2137 terrae
855 2095 1084 2136 mortalibus
1116 2094 1233 2135 orbae

128 2154 266 2194 Forma
300 2156 432 2195 sutura
450 2187 461 2208 ‚
493 2162 660 2208 rogant:
693 2157 780 2207 quis
812 2156 864 2194 sit
893 2155 1045 2194 laturus
1077 2156 1117 2194 in
1149 2166 1234 2193 aras

128 2213 233 2253 Tura
252 2211 274 2253 ‘P
306 2214 452 2253 ferisne
483 2221 595 2266 paret
625 2213 867 2266 populandas
899 2213 1054 2253 tradere
1088 2209 1247 2252 terras?

40 2279 108 2312 250
127 2271 234 2312 Talia
265 2279 501 2324 quaerentes
520 2305 531 2326 ,
563 2272 638 2312 sihi
669 2274 774 2312 enim
799 2272 883 2312 sore
916 2278 1045 2311 cetera
1078 2283 1219 2324 curae,

127 2329 210 2370 Rex
243 2343 431 2384 superum
463 2332 658 2384 trepidare
691 2336 824 2385 vetat,
855 2330 1109 2382 subolemque
1142 2330 1265 2382 priori
