1527 2580
542 111 575 147 X
590 138 599 156 ,
623 114 809 148 363—433
827 138 835 147 .
985 124 1126 147 nxmum
1274 110 1356 153 2οΊ

50 229 118 261 400
138 220 240 268 Quid
271 233 360 261 rear
393 221 558 261 ulterius
577 219 599 260 ⁴?
631 228 736 261 certe
771 222 928 262 fortuna
959 221 1178 273 domusque

0 299 1 323 η
139 280 283 332 Sospes
304 286 342 320 et
361 281 400 320 in
422 292 540 320 cursu
562 286 643 319 est.
665 282 798 320 vivunt
817 283 1097 334 genetrixque,
1117 286 1306 332 paterque
1319 276 1358 319 .”

0 331 1 366 l
136 338 321 391 Myrrha,
351 345 462 391 patre
494 338 625 378 audito
644 370 656 391 ,
687 340 855 391 suspiria
887 339 998 379 duxit
1028 339 1074 378 ab
1106 341 1183 378 imo

137 396 303 437 Pectore
323 428 332 436 .
369 409 442 437 nec
475 399 607 442 nutrix
640 398 852 437 etiamnum
884 400 1055 450 concipit
1086 398 1208 438 ullum

137 455 266 496 Mente
300 456 409 496 nefas
427 488 439 508 ,
471 456 719 508 aliquemque
753 462 882 496 tamen
918 459 1136 509 praesentit
1166 468 1359 496 amorem.

51 522 117 554 405
139 514 415 567 propositique
455 521 598 567 tenax,
631 515 906 567 quodcumque
946 521 1035 569 est,
1066 522 1180 568 orat,
1211 520 1256 555 ut
1286 515 1359 566 ipsi

137 573 288 613 Indicet
304 605 317 626 ‚
348 579 388 613 et
418 575 566 625 gremio
598 573 865 613 lacrimantem
898 573 998 614 tollit
1029 574 1143 626 anili,

137 634 265 683 Atque
297 633 350 671 ita
381 632 648 684 complectens
679 633 845 672 infirmis
878 632 1052 672 membra
1084 633 1264 684 lacertiS‚

140 686 377 730 “Sensimus
395 688 422 744 ‚'
455 692 583 742 inquit
615 688 764 730 ‘amas.
804 697 843 730 et
873 693 912 730 in
946 691 1019 731 hoc
1051 703 1135 730 mea
1154 723 1165 744 ,
1196 703 1297 743 pone

1158 751 1361 800 timorem,

139 807 335 848 Sedulitas
368 810 444 849 erit
474 814 561 861 apta
594 808 693 848 tibi.
733 821 805 848 nec
838 810 983 848 sentiet
1013 820 1198 860 umquam

51 875 119 908 410
139 867 223 907 Hoc
253 874 364 920 pater
385 864 425 906 .''
458 867 614 907 exsiluit
646 869 793 919 gremio
826 867 1065 920 furibunda,
1098 874 1307 918 torumque

140 925 217 965 Ore
254 937 469 979 premens,
502 924 690 965 “discede
710 958 720 978 ‚
751 937 922 979 precor,
961 928 1184 977 miseroque
1222 924 1360 977 pudori

138 984 260 1024 Parce
281 981 322 1024 !''
354 986 435 1023 ait.
474 986 635 1023 instanti
668 981 857 1023 “discede
876 1016 888 1037 ‚
919 990 987 1023 aut
1017 982 1168 1023 desine’
1202 983 1298 1023 dixit

141 1040 355 1090 ‘Quaerere
375 1074 387 1096 ‚
418 1043 511 1095 quid
544 1042 722 1082 doleam.
761 1042 890 1082 scelus
923 1048 1012 1096 est,
1044 1043 1149 1095 quod
1181 1044 1282 1081 scire

1157 1100 1309 1140 laboras
1323 1097 1363 1138 .’'

140 1161 285 1201 Horret
316 1173 413 1200 anus
432 1192 444 1213 ,
475 1160 741 1212 tremulasque
773 1172 912 1200 manus
951 1162 1141 1212 annisque
1179 1165 1364 1210 metuque

46 1228 114 1259 415
135 1219 309 1273 Tendit,
341 1225 381 1259 et
411 1225 500 1258 ante
531 1219 652 1271 pedes
684 1219 847 1271 supplex
880 1219 1105 1271 procumbit
1136 1218 1336 1270 alumnae,

141 1278 191 1318 Et
222 1278 337 1318 modo
369 1277 569 1317 blanditur
587 1310 600 1330 ,
630 1277 746 1316 modo
765 1309 777 1331 ,
807 1279 841 1317 si
873 1289 951 1317 non
984 1279 1140 1317 conscia
1172 1278 1259 1329 fiat,

141 1337 312 1390 Terret,
343 1342 383 1377 et
413 1337 602 1376 indicium
633 1336 762 1388 laquei
794 1342 1034 1388 coeptaeque
1065 1337 1237 1375 minatur

141 1395 165 1434 ll.
184 1397 278 1435 ortis
296 1427 308 1448 ‚
340 1401 379 1434 et
410 1395 584 1434 officium
615 1396 823 1434 commisso
856 1395 1024 1446 spondet
1055 1396 1199 1433 amori.

141 1453 291 1494 Extulit
321 1453 385 1493 illa
417 1460 534 1506 caput
551 1485 562 1506 ‚
593 1453 843 1505 lacrimisque
875 1453 1050 1505 implevit
1081 1452 1231 1492 obortis

54 1522 122 1553 420
141 1513 307 1552 Pectora
338 1514 534 1565 nutricis3
567 1517 783 1564 conataque
816 1523 931 1563 saepe
964 1512 1102 1564 fateri,

144 1572 268 1624 Saepe
300 1577 410 1611 tenet
439 1583 575 1610 vocem
594 1603 605 1623 ,
635 1570 943 1622 pudibundaque
976 1569 1152 1610 vestibus
1182 1581 1251 1609 ora

142 1630 258 1670 Texit
288 1636 328 1670 et
358 1626 428 1668 “o’
461 1629 558 1669 dixit
589 1626 759 1669 ‘felicem
790 1630 956 1681 coniuge
989 1635 1153 1668 matrem
1168 1624 1209 1667 !'’

143 1688 373 1741 Hactenus,
404 1694 444 1728 et
473 1689 650 1740 gemuit.
689 1687 837 1739 gelidos
869 1689 1039 1727 nutricis
1070 1689 1110 1726 in
1142 1692 1251 1725 artus

145 1747 320 1799 Ossaque
339 1778 352 1800 ,
383 1748 506 1786 sensit
526 1748 630 1785 enim
648 1777 660 1799 ‚
690 1751 873 1798 penetrat
892 1751 1042 1785 tremor
1059 1777 1071 1798 ,
1103 1744 1267 1796 albaque
1288 1749 1368 1783 toto

56 1814 123 1847 425
145 1806 300 1846 Vertice
332 1806 495 1845 canities
526 1804 663 1856 rigidis
695 1805 805 1843 stetit
834 1803 937 1843 hirta
969 1803 1140 1855 capillis.

145 1864 344 1916 Multaque
362 1896 375 1917 ,
405 1869 450 1904 ut
480 1868 685 1903 excuteret
715 1862 852 1916 diros,
883 1864 916 1901 si
947 1868 1110 1914 posset,
1141 1873 1318 1913 amores,

146 1923 330 1963 Addidit.
369 1928 408 1962 at
439 1923 548 1974 virgo
580 1923 656 1961 scit
686 1933 728 1961 se
761 1933 839 1960 non
871 1920 967 1959 falsa
998 1922 1174 1973 moneri,

148 1981 263 2021 Certa
293 1983 394 2021 mori
426 1987 555 2021 tamen
588 1985 676 2032 est,
708 1982 741 2019 si
772 1991 852 2018 non
882 1980 1056 2031 potiatur
1087 1990 1241 2018 amore.

148 2037 271 2080 “Vive
289 2036 317 2093 ,³
348 2041 404 2079 ait
432 2039 529 2079 haec
561 2036 727 2091 ‘potiere
760 2034 860 2078 tuo’'
892 2057 948 2066 —
980 2042 1049 2090 et,
1079 2049 1159 2077 non
1191 2048 1283 2076 ausa

1146 2092 1369 2147 “parente''

61 2167 128 2199 430
149 2158 317 2210 Dicere,
349 2158 568 2210 conticuit;
600 2157 869 2208 promissaque
902 2155 1062 2195 numine
1094 2154 1245 2194 firmat.

148 2217 262 2256 Festa
293 2217 379 2268 piae
412 2215 568 2255 Cereris
600 2214 851 2254 celebrabant
881 2225 1008 2253 annua
1039 2218 1185 2252 matres

148 2275 244 2328 Illa,
276 2274 419 2326 quibus
451 2275 563 2314 nivea
589 2273 735 2313 velatae
767 2284 932 2325 corpora
962 2277 1071 2312 veste

148 2333 347 2374 Primitias
379 2334 538 2386 frugum
569 2332 662 2372 dant
692 2333 823 2385 spicea
854 2336 959 2372 serta
989 2341 1172 2374 suarum.
