<?xml version="1.0" encoding="UTF-8"?>
<!DOCTYPE html PUBLIC "-//W3C//DTD XHTML 1.0 Transitional//EN"
    "http://www.w3.org/TR/xhtml1/DTD/xhtml1-transitional.dtd">
<html xmlns="http://www.w3.org/1999/xhtml" xml:lang="en" lang="en">
 <head>
  <title>
</title>
<meta http-equiv="Content-Type" content="text/html;charset=utf-8" />
  <meta name='ocr-system' content='tesseract 3.04.00' />
  <meta name='ocr-capabilities' content='ocr_page ocr_carea ocr_par ocr_line ocrx_word'/>
</head>
<body>
  <div class='ocr_page' id='page_1' title='image "./ovidopera02oviduoft_0223.png"; bbox 0 0 1527 2580; ppageno 0'>
   <div class='ocr_carea' id='block_1_1' title="bbox 533 125 1369 170">
    <p class='ocr_par' dir='ltr' id='par_1_1' title="bbox 533 125 1369 170">
     <span class='ocr_line' id='line_1_1' title="bbox 533 125 1369 170; baseline 0.004 -10"><span class='ocrx_word' id='word_1_1' title='bbox 533 125 616 161; x_wconf 85' lang='lat' dir='ltr'><strong>VIII</strong></span> <span class='ocrx_word' id='word_1_2' title='bbox 635 153 643 170; x_wconf 85' lang='lat'>,</span> <span class='ocrx_word' id='word_1_3' title='bbox 670 130 855 163; x_wconf 67' lang='lat' dir='ltr'>vae—⁸10</span> <span class='ocrx_word' id='word_1_4' title='bbox 869 154 876 161; x_wconf 91' lang='lat'>.</span> <span class='ocrx_word' id='word_1_5' title='bbox 965 139 1201 163; x_wconf 66' lang='lat' dir='ltr'>carnem-nou</span> <span class='ocrx_word' id='word_1_6' title='bbox 1297 128 1369 168; x_wconf 75' lang='grc'>171</span> 
     </span>
    </p>
   </div>
   <div class='ocr_carea' id='block_1_2' title="bbox 70 233 1333 932">
    <p class='ocr_par' dir='ltr' id='par_1_2' title="bbox 70 233 1333 932">
     <span class='ocr_line' id='line_1_2' title="bbox 158 233 1070 288; baseline 0.003 -15"><span class='ocrx_word' id='word_1_7' title='bbox 158 234 353 275; x_wconf 82' lang='lat' dir='ltr'>vaticinor</span> <span class='ocrx_word' id='word_1_8' title='bbox 385 237 588 288; x_wconf 85' lang='lat' dir='ltr'>moriens,</span> <span class='ocrx_word' id='word_1_9' title='bbox 619 238 743 275; x_wconf 80' lang='lat' dir='ltr'>nostri</span> <span class='ocrx_word' id='word_1_10' title='bbox 775 237 916 276; x_wconf 90' lang='lat' dir='ltr'>solacia</span> <span class='ocrx_word' id='word_1_11' title='bbox 947 236 1015 276; x_wconf 90' lang='lat' dir='ltr'>leti</span> <span class='ocrx_word' id='word_1_12' title='bbox 1030 233 1070 276; x_wconf 91' lang='lat'>.&#39;&#39;</span> 
     </span>
     <span class='ocr_line' id='line_1_3' title="bbox 157 293 1333 347; baseline 0 -14"><span class='ocrx_word' id='word_1_13' title='bbox 157 293 416 345; x_wconf 81' lang='lat' dir='ltr'>Persequitur</span> <span class='ocrx_word' id='word_1_14' title='bbox 448 294 576 333; x_wconf 90' lang='lat' dir='ltr'>scelus</span> <span class='ocrx_word' id='word_1_15' title='bbox 608 294 671 333; x_wconf 90' lang='lat' dir='ltr'>ille</span> <span class='ocrx_word' id='word_1_16' title='bbox 705 307 849 335; x_wconf 86' lang='lat' dir='ltr'>suum:</span> <span class='ocrx_word' id='word_1_17' title='bbox 881 294 1146 347; x_wconf 79' lang='lat' dir='ltr'>labefactaque</span> <span class='ocrx_word' id='word_1_18' title='bbox 1181 295 1333 334; x_wconf 90' lang='lat' dir='ltr'>tandem</span> 
     </span>
     <span class='ocr_line' id='line_1_4' title="bbox 70 351 1167 405; baseline 0 -13"><span class='ocrx_word' id='word_1_19' title='bbox 70 359 137 392; x_wconf 77' lang='lat'>&#39;1⁷5</span> <span class='ocrx_word' id='word_1_20' title='bbox 157 351 306 392; x_wconf 91' lang='lat' dir='ltr'>lctibus</span> <span class='ocrx_word' id='word_1_21' title='bbox 336 354 554 392; x_wconf 85' lang='lat' dir='ltr'>innumeris</span> <span class='ocrx_word' id='word_1_22' title='bbox 585 352 828 405; x_wconf 88' lang='lat' dir='ltr'>adductaque</span> <span class='ocrx_word' id='word_1_23' title='bbox 861 353 1019 394; x_wconf 89' lang='lat' dir='ltr'>funibus</span> <span class='ocrx_word' id='word_1_24' title='bbox 1051 354 1167 393; x_wconf 85' lang='lat' dir='ltr'>arbor</span> 
     </span>
     <span class='ocr_line' id='line_1_5' title="bbox 157 410 1211 464; baseline 0.001 -14"><span class='ocrx_word' id='word_1_25' title='bbox 157 410 316 451; x_wconf 90' lang='lat' dir='ltr'>Corruit</span> <span class='ocrx_word' id='word_1_26' title='bbox 346 416 386 450; x_wconf 86' lang='lat' dir='ltr'>et</span> <span class='ocrx_word' id='word_1_27' title='bbox 417 412 577 450; x_wconf 86' lang='lat' dir='ltr'>multam</span> <span class='ocrx_word' id='word_1_28' title='bbox 609 414 820 463; x_wconf 87' lang='lat' dir='ltr'>prostravit</span> <span class='ocrx_word' id='word_1_29' title='bbox 850 412 1023 464; x_wconf 91' lang='lat' dir='ltr'>pondere</span> <span class='ocrx_word' id='word_1_30' title='bbox 1055 412 1211 452; x_wconf 89' lang='lat' dir='ltr'>silvam.</span> 
     </span>
     <span class='ocr_line' id='line_1_6' title="bbox 155 470 1242 523; baseline 0.002 -15"><span class='ocrx_word' id='word_1_31' title='bbox 155 470 352 509; x_wconf 78' lang='lat' dir='ltr'>Attonitae</span> <span class='ocrx_word' id='word_1_32' title='bbox 384 470 548 521; x_wconf 84' lang='lat' dir='ltr'>dryades</span> <span class='ocrx_word' id='word_1_33' title='bbox 581 470 720 509; x_wconf 91' lang='lat' dir='ltr'>damno</span> <span class='ocrx_word' id='word_1_34' title='bbox 753 483 1036 522; x_wconf 76' lang='lat' dir='ltr'>nemorumque</span> <span class='ocrx_word' id='word_1_35' title='bbox 1069 483 1242 523; x_wconf 84' lang='lat' dir='ltr'>suoque,</span> 
     </span>
     <span class='ocr_line' id='line_1_7' title="bbox 156 527 1242 581; baseline 0 -14"><span class='ocrx_word' id='word_1_36' title='bbox 156 527 303 567; x_wconf 87' lang='lat' dir='ltr'>Omnes</span> <span class='ocrx_word' id='word_1_37' title='bbox 334 539 540 579; x_wconf 84' lang='lat' dir='ltr'>germanae</span> <span class='ocrx_word' id='word_1_38' title='bbox 559 560 570 581; x_wconf 88' lang='lat'><em>‚</em></span> <span class='ocrx_word' id='word_1_39' title='bbox 603 528 787 568; x_wconf 86' lang='lat' dir='ltr'>Cererem</span> <span class='ocrx_word' id='word_1_40' title='bbox 820 542 909 569; x_wconf 89' lang='lat' dir='ltr'>cum</span> <span class='ocrx_word' id='word_1_41' title='bbox 941 529 1116 569; x_wconf 88' lang='lat' dir='ltr'>vestibus</span> <span class='ocrx_word' id='word_1_42' title='bbox 1148 530 1242 568; x_wconf 91' lang='lat' dir='ltr'>atris</span> 
     </span>
     <span class='ocr_line' id='line_1_8' title="bbox 154 586 1317 639; baseline -0.001 -14"><span class='ocrx_word' id='word_1_43' title='bbox 154 586 375 626; x_wconf 87' lang='lat' dir='ltr'>Maerentes</span> <span class='ocrx_word' id='word_1_44' title='bbox 407 587 551 626; x_wconf 91' lang='lat' dir='ltr'>adeunt</span> <span class='ocrx_word' id='word_1_45' title='bbox 582 599 825 638; x_wconf 84' lang='lat' dir='ltr'>poenamque</span> <span class='ocrx_word' id='word_1_46' title='bbox 856 588 1152 639; x_wconf 86' lang='lat' dir='ltr'>Erysichthonis</span> <span class='ocrx_word' id='word_1_47' title='bbox 1184 594 1317 627; x_wconf 88' lang='lat' dir='ltr'>orant.</span> 
     </span>
     <span class='ocr_line' id='line_1_9' title="bbox 70 644 1201 698; baseline 0 -14"><span class='ocrx_word' id='word_1_48' title='bbox 70 652 136 684; x_wconf 82' lang='grc'>780</span> <span class='ocrx_word' id='word_1_49' title='bbox 155 645 303 684; x_wconf 84' lang='lat' dir='ltr'>Annuit</span> <span class='ocrx_word' id='word_1_50' title='bbox 334 644 394 684; x_wconf 89' lang='lat' dir='ltr'>his</span> <span class='ocrx_word' id='word_1_51' title='bbox 414 677 425 698; x_wconf 91' lang='lat'><em>,</em></span> <span class='ocrx_word' id='word_1_52' title='bbox 457 647 675 697; x_wconf 85' lang='lat' dir='ltr'>capitisque</span> <span class='ocrx_word' id='word_1_53' title='bbox 707 648 769 685; x_wconf 88' lang='lat' dir='ltr'>sui</span> <span class='ocrx_word' id='word_1_54' title='bbox 801 646 1061 698; x_wconf 87' lang='lat' dir='ltr'>pulcherrima</span> <span class='ocrx_word' id='word_1_55' title='bbox 1095 652 1201 685; x_wconf 89' lang='lat' dir='ltr'>motu</span> 
     </span>
     <span class='ocr_line' id='line_1_10' title="bbox 157 702 1178 756; baseline 0.001 -13"><span class='ocrx_word' id='word_1_56' title='bbox 157 702 366 743; x_wconf 90' lang='lat' dir='ltr'>Concussit</span> <span class='ocrx_word' id='word_1_57' title='bbox 396 703 566 756; x_wconf 85' lang='lat' dir='ltr'>gravidis</span> <span class='ocrx_word' id='word_1_58' title='bbox 599 710 782 743; x_wconf 90' lang='lat' dir='ltr'>oneratos</span> <span class='ocrx_word' id='word_1_59' title='bbox 815 704 1009 744; x_wconf 86' lang='lat' dir='ltr'>messibus</span> <span class='ocrx_word' id='word_1_60' title='bbox 1042 717 1178 756; x_wconf 86' lang='lat' dir='ltr'>agros:</span> 
     </span>
     <span class='ocr_line' id='line_1_11' title="bbox 154 761 1183 816; baseline 0.002 -16"><span class='ocrx_word' id='word_1_61' title='bbox 154 761 391 812; x_wconf 82' lang='lat' dir='ltr'>Moliturque</span> <span class='ocrx_word' id='word_1_62' title='bbox 423 775 548 814; x_wconf 83' lang='lat' dir='ltr'>genus</span> <span class='ocrx_word' id='word_1_63' title='bbox 579 775 727 814; x_wconf 90' lang='lat' dir='ltr'>poenae</span> <span class='ocrx_word' id='word_1_64' title='bbox 760 763 1010 816; x_wconf 87' lang='lat' dir='ltr'>miserabile,</span> <span class='ocrx_word' id='word_1_65' title='bbox 1043 765 1075 802; x_wconf 93' lang='lat' dir='ltr'>si</span> <span class='ocrx_word' id='word_1_66' title='bbox 1107 775 1183 802; x_wconf 92' lang='lat' dir='ltr'>non</span> 
     </span>
     <span class='ocr_line' id='line_1_12' title="bbox 155 819 1016 875; baseline 0.002 -16"><span class='ocrx_word' id='word_1_67' title='bbox 155 819 222 859; x_wconf 88' lang='lat' dir='ltr'>llle</span> <span class='ocrx_word' id='word_1_68' title='bbox 254 821 336 859; x_wconf 88' lang='lat' dir='ltr'>suis</span> <span class='ocrx_word' id='word_1_69' title='bbox 368 826 475 861; x_wconf 83' lang='lat' dir='ltr'>esset</span> <span class='ocrx_word' id='word_1_70' title='bbox 505 820 601 860; x_wconf 92' lang='lat' dir='ltr'>nulli</span> <span class='ocrx_word' id='word_1_71' title='bbox 633 821 865 861; x_wconf 87' lang='lat' dir='ltr'>miserabilis</span> <span class='ocrx_word' id='word_1_72' title='bbox 897 823 1016 875; x_wconf 86' lang='lat' dir='ltr'>actis,</span> 
     </span>
     <span class='ocr_line' id='line_1_13' title="bbox 155 878 1185 932; baseline 0.001 -15"><span class='ocrx_word' id='word_1_73' title='bbox 155 878 347 918; x_wconf 89' lang='lat' dir='ltr'>Pestifera</span> <span class='ocrx_word' id='word_1_74' title='bbox 379 879 550 919; x_wconf 89' lang='lat' dir='ltr'>lacerare</span> <span class='ocrx_word' id='word_1_75' title='bbox 582 879 726 919; x_wconf 88' lang='lat' dir='ltr'>Fame.</span> <span class='ocrx_word' id='word_1_76' title='bbox 766 892 864 931; x_wconf 90' lang='lat' dir='ltr'>quae</span> <span class='ocrx_word' id='word_1_77' title='bbox 897 882 1079 931; x_wconf 87' lang='lat' dir='ltr'>quatinus</span> <span class='ocrx_word' id='word_1_78' title='bbox 1110 881 1185 932; x_wconf 91' lang='lat' dir='ltr'>ipsi</span> 
     </span>
    </p>
   </div>
   <div class='ocr_carea' id='block_1_3' title="bbox 69 936 1376 1095">
    <p class='ocr_par' dir='ltr' id='par_1_3' title="bbox 69 936 1376 1095">
     <span class='ocr_line' id='line_1_14' title="bbox 69 936 1347 989; baseline -0.002 -12"><span class='ocrx_word' id='word_1_79' title='bbox 69 944 135 977; x_wconf 80' lang='lat'>&#39;185</span> <span class='ocrx_word' id='word_1_80' title='bbox 156 936 243 976; x_wconf 92' lang='lat' dir='ltr'>Non</span> <span class='ocrx_word' id='word_1_81' title='bbox 276 936 452 977; x_wconf 89' lang='lat' dir='ltr'>adeunda</span> <span class='ocrx_word' id='word_1_82' title='bbox 484 938 578 976; x_wconf 89' lang='lat' dir='ltr'>deae</span> <span class='ocrx_word' id='word_1_83' title='bbox 611 944 672 977; x_wconf 83' lang='lat' dir='ltr'>est</span> <span class='ocrx_word' id='word_1_84' title='bbox 703 960 757 966; x_wconf 86' lang='lat'>—</span> <span class='ocrx_word' id='word_1_85' title='bbox 790 950 918 989; x_wconf 89' lang='lat' dir='ltr'>neque</span> <span class='ocrx_word' id='word_1_86' title='bbox 951 941 1053 978; x_wconf 91' lang='lat' dir='ltr'>enim</span> <span class='ocrx_word' id='word_1_87' title='bbox 1087 938 1347 988; x_wconf 82' lang='lat' dir='ltr'>Cereremque</span> 
     </span>
     <span class='ocr_line' id='line_1_15' title="bbox 1142 995 1376 1046; baseline 0 -12"><span class='ocrx_word' id='word_1_88' title='bbox 1142 995 1376 1046; x_wconf 82' lang='lat' dir='ltr'>Famemque</span> 
     </span>
     <span class='ocr_line' id='line_1_16' title="bbox 155 1054 1197 1095; baseline 0 -2"><span class='ocrx_word' id='word_1_89' title='bbox 155 1054 248 1095; x_wconf 90' lang='lat' dir='ltr'>Fata</span> <span class='ocrx_word' id='word_1_90' title='bbox 279 1057 385 1095; x_wconf 91' lang='lat' dir='ltr'>coire</span> <span class='ocrx_word' id='word_1_91' title='bbox 417 1057 553 1095; x_wconf 83' lang='lat' dir='ltr'>sinunt</span> <span class='ocrx_word' id='word_1_92' title='bbox 585 1077 639 1083; x_wconf 91' lang='lat'>—</span> <span class='ocrx_word' id='word_1_93' title='bbox 671 1057 845 1094; x_wconf 88' lang='lat' dir='ltr'>montani</span> <span class='ocrx_word' id='word_1_94' title='bbox 877 1056 1048 1094; x_wconf 87' lang='lat' dir='ltr'>numinis</span> <span class='ocrx_word' id='word_1_95' title='bbox 1080 1066 1197 1093; x_wconf 90' lang='lat' dir='ltr'>unam</span> 
     </span>
    </p>
   </div>
   <div class='ocr_carea' id='block_1_4' title="bbox 68 1113 1378 2392">
    <p class='ocr_par' dir='ltr' id='par_1_4' title="bbox 68 1113 1378 2392">
     <span class='ocr_line' id='line_1_17' title="bbox 156 1113 1115 1166; baseline 0 -14"><span class='ocrx_word' id='word_1_96' title='bbox 156 1113 315 1154; x_wconf 86' lang='lat' dir='ltr'>Talibus</span> <span class='ocrx_word' id='word_1_97' title='bbox 347 1119 542 1166; x_wconf 86' lang='lat' dir='ltr'>agrestem</span> <span class='ocrx_word' id='word_1_98' title='bbox 573 1114 780 1165; x_wconf 88' lang='lat' dir='ltr'>compellat</span> <span class='ocrx_word' id='word_1_99' title='bbox 805 1114 946 1152; x_wconf 90' lang='lat' dir='ltr'>oreada</span> <span class='ocrx_word' id='word_1_100' title='bbox 977 1113 1115 1152; x_wconf 86' lang='lat' dir='ltr'>dictis:</span> 
     </span>
     <span class='ocr_line' id='line_1_18' title="bbox 157 1169 1249 1224; baseline 0 -14"><span class='ocrx_word' id='word_1_101' title='bbox 157 1169 259 1211; x_wconf 77' lang='lat' dir='ltr'>“Est</span> <span class='ocrx_word' id='word_1_102' title='bbox 289 1173 400 1212; x_wconf 91' lang='lat' dir='ltr'>locus</span> <span class='ocrx_word' id='word_1_103' title='bbox 432 1174 619 1212; x_wconf 80' lang='lat' dir='ltr'>extremis</span> <span class='ocrx_word' id='word_1_104' title='bbox 653 1172 833 1224; x_wconf 84' lang='lat' dir='ltr'>Scythiae</span> <span class='ocrx_word' id='word_1_105' title='bbox 866 1172 1036 1223; x_wconf 77' lang='lat' dir='ltr'>glacialis</span> <span class='ocrx_word' id='word_1_106' title='bbox 1068 1173 1108 1210; x_wconf 92' lang='lat' dir='ltr'>in</span> <span class='ocrx_word' id='word_1_107' title='bbox 1140 1172 1249 1224; x_wconf 86' lang='lat' dir='ltr'>oris,</span> 
     </span>
     <span class='ocr_line' id='line_1_19' title="bbox 157 1229 1378 1283; baseline -0.002 -13"><span class='ocrx_word' id='word_1_108' title='bbox 157 1230 288 1270; x_wconf 85' lang='lat' dir='ltr'>Triste</span> <span class='ocrx_word' id='word_1_109' title='bbox 309 1230 435 1270; x_wconf 92' lang='lat' dir='ltr'>solum</span> <span class='ocrx_word' id='word_1_110' title='bbox 454 1262 465 1283; x_wconf 89' lang='lat'><strong><em>,</em></strong></span> <span class='ocrx_word' id='word_1_111' title='bbox 497 1231 641 1270; x_wconf 89' lang='lat' dir='ltr'>sterilis</span> <span class='ocrx_word' id='word_1_112' title='bbox 659 1262 671 1283; x_wconf 89' lang='lat'><em>,</em></span> <span class='ocrx_word' id='word_1_113' title='bbox 703 1232 786 1270; x_wconf 90' lang='lat' dir='ltr'>sine</span> <span class='ocrx_word' id='word_1_114' title='bbox 807 1231 919 1281; x_wconf 87' lang='lat' dir='ltr'>fruge</span> <span class='ocrx_word' id='word_1_115' title='bbox 938 1261 949 1282; x_wconf 85' lang='lat'><em>,</em></span> <span class='ocrx_word' id='word_1_116' title='bbox 976 1231 1059 1268; x_wconf 92' lang='lat' dir='ltr'>sine</span> <span class='ocrx_word' id='word_1_117' title='bbox 1080 1229 1220 1268; x_wconf 91' lang='lat' dir='ltr'>arbore</span> <span class='ocrx_word' id='word_1_118' title='bbox 1240 1229 1378 1280; x_wconf 78' lang='lat' dir='ltr'>tellus3</span> 
     </span>
     <span class='ocr_line' id='line_1_20' title="bbox 68 1287 1260 1341; baseline -0.002 -13"><span class='ocrx_word' id='word_1_119' title='bbox 68 1297 136 1329; x_wconf 81' lang='grc'>790</span> <span class='ocrx_word' id='word_1_120' title='bbox 155 1289 295 1341; x_wconf 91' lang='lat' dir='ltr'>Frigus</span> <span class='ocrx_word' id='word_1_121' title='bbox 326 1291 434 1329; x_wconf 89' lang='lat' dir='ltr'>iners</span> <span class='ocrx_word' id='word_1_122' title='bbox 465 1289 543 1328; x_wconf 85' lang='lat' dir='ltr'>illic</span> <span class='ocrx_word' id='word_1_123' title='bbox 573 1288 750 1328; x_wconf 86' lang='lat' dir='ltr'>habitant</span> <span class='ocrx_word' id='word_1_124' title='bbox 779 1288 985 1339; x_wconf 89' lang='lat' dir='ltr'>Pallorque</span> <span class='ocrx_word' id='word_1_125' title='bbox 1017 1287 1260 1339; x_wconf 91' lang='lat' dir='ltr'>Tremorque</span> 
     </span>
     <span class='ocr_line' id='line_1_21' title="bbox 155 1346 1222 1398; baseline -0.002 -11"><span class='ocrx_word' id='word_1_126' title='bbox 155 1347 204 1387; x_wconf 89' lang='lat' dir='ltr'>Et</span> <span class='ocrx_word' id='word_1_127' title='bbox 234 1349 365 1387; x_wconf 90' lang='lat' dir='ltr'>ieiuna</span> <span class='ocrx_word' id='word_1_128' title='bbox 396 1347 562 1387; x_wconf 90' lang='lat' dir='ltr'>Fames.</span> <span class='ocrx_word' id='word_1_129' title='bbox 602 1360 645 1387; x_wconf 92' lang='lat' dir='ltr'>ea</span> <span class='ocrx_word' id='word_1_130' title='bbox 677 1359 719 1386; x_wconf 92' lang='lat' dir='ltr'>se</span> <span class='ocrx_word' id='word_1_131' title='bbox 750 1349 790 1386; x_wconf 94' lang='lat' dir='ltr'>in</span> <span class='ocrx_word' id='word_1_132' title='bbox 821 1346 1048 1398; x_wconf 86' lang='lat' dir='ltr'>praecordia</span> <span class='ocrx_word' id='word_1_133' title='bbox 1081 1346 1222 1385; x_wconf 89' lang='lat' dir='ltr'>condat</span> 
     </span>
     <span class='ocr_line' id='line_1_22' title="bbox 157 1405 1159 1458; baseline -0.002 -13"><span class='ocrx_word' id='word_1_134' title='bbox 157 1406 345 1458; x_wconf 88' lang='lat' dir='ltr'>Sacrilegi</span> <span class='ocrx_word' id='word_1_135' title='bbox 376 1406 564 1446; x_wconf 89' lang='lat' dir='ltr'>scelerata</span> <span class='ocrx_word' id='word_1_136' title='bbox 582 1438 594 1458; x_wconf 90' lang='lat'><em>,</em></span> <span class='ocrx_word' id='word_1_137' title='bbox 625 1405 746 1445; x_wconf 84' lang='lat' dir='ltr'>iube:</span> <span class='ocrx_word' id='word_1_138' title='bbox 778 1418 851 1444; x_wconf 89' lang='lat' dir='ltr'>nec</span> <span class='ocrx_word' id='word_1_139' title='bbox 883 1407 994 1456; x_wconf 90' lang='lat' dir='ltr'>copia</span> <span class='ocrx_word' id='word_1_140' title='bbox 1025 1416 1159 1444; x_wconf 89' lang='lat' dir='ltr'>rerum</span> 
     </span>
     <span class='ocr_line' id='line_1_23' title="bbox 155 1464 1248 1517; baseline -0.001 -15"><span class='ocrx_word' id='word_1_141' title='bbox 155 1464 293 1504; x_wconf 91' lang='lat' dir='ltr'>Vincat</span> <span class='ocrx_word' id='word_1_142' title='bbox 324 1477 408 1504; x_wconf 90' lang='lat' dir='ltr'>eam</span> <span class='ocrx_word' id='word_1_143' title='bbox 427 1497 439 1517; x_wconf 88' lang='lat'><em>,</em></span> <span class='ocrx_word' id='word_1_144' title='bbox 470 1470 709 1516; x_wconf 91' lang='lat' dir='ltr'>superetque</span> <span class='ocrx_word' id='word_1_145' title='bbox 741 1475 846 1503; x_wconf 91' lang='lat' dir='ltr'>meas</span> <span class='ocrx_word' id='word_1_146' title='bbox 879 1464 1092 1502; x_wconf 89' lang='lat' dir='ltr'>certamine</span> <span class='ocrx_word' id='word_1_147' title='bbox 1124 1464 1248 1501; x_wconf 83' lang='lat' dir='ltr'>vires.</span> 
     </span>
     <span class='ocr_line' id='line_1_24' title="bbox 154 1522 1214 1575; baseline -0.002 -13"><span class='ocrx_word' id='word_1_148' title='bbox 154 1522 259 1563; x_wconf 84' lang='lat' dir='ltr'>Neve</span> <span class='ocrx_word' id='word_1_149' title='bbox 290 1525 374 1562; x_wconf 86' lang='lat' dir='ltr'>viae</span> <span class='ocrx_word' id='word_1_150' title='bbox 405 1525 574 1575; x_wconf 89' lang='lat' dir='ltr'>spatium</span> <span class='ocrx_word' id='word_1_151' title='bbox 607 1529 644 1562; x_wconf 90' lang='lat' dir='ltr'>te</span> <span class='ocrx_word' id='word_1_152' title='bbox 677 1528 852 1574; x_wconf 86' lang='lat' dir='ltr'>terreat,</span> <span class='ocrx_word' id='word_1_153' title='bbox 884 1523 1016 1574; x_wconf 90' lang='lat' dir='ltr'>accipe</span> <span class='ocrx_word' id='word_1_154' title='bbox 1049 1533 1214 1572; x_wconf 86' lang='lat' dir='ltr'>currus,</span> 
     </span>
     <span class='ocr_line' id='line_1_25' title="bbox 69 1576 1243 1634; baseline -0.003 -13"><span class='ocrx_word' id='word_1_155' title='bbox 69 1589 136 1621; x_wconf 80' lang='lat'>‘195</span> <span class='ocrx_word' id='word_1_156' title='bbox 156 1582 300 1634; x_wconf 87' lang='lat' dir='ltr'>Accipe</span> <span class='ocrx_word' id='word_1_157' title='bbox 319 1614 330 1634; x_wconf 88' lang='lat'>‚</span> <span class='ocrx_word' id='word_1_158' title='bbox 362 1593 460 1633; x_wconf 89' lang='lat' dir='ltr'>quos</span> <span class='ocrx_word' id='word_1_159' title='bbox 492 1582 614 1621; x_wconf 91' lang='lat' dir='ltr'>frenis</span> <span class='ocrx_word' id='word_1_160' title='bbox 647 1581 722 1620; x_wconf 91' lang='lat' dir='ltr'>alte</span> <span class='ocrx_word' id='word_1_161' title='bbox 754 1580 990 1632; x_wconf 86' lang='lat' dir='ltr'>moderere,</span> <span class='ocrx_word' id='word_1_162' title='bbox 1023 1576 1243 1619; x_wconf 86' lang='lat' dir='ltr'>dracones&#39;&#39;</span> 
     </span>
     <span class='ocr_line' id='line_1_26' title="bbox 155 1639 1185 1690; baseline -0.003 -10"><span class='ocrx_word' id='word_1_163' title='bbox 155 1640 206 1680; x_wconf 90' lang='lat' dir='ltr'>Et</span> <span class='ocrx_word' id='word_1_164' title='bbox 237 1640 372 1680; x_wconf 90' lang='lat' dir='ltr'>dedit.</span> <span class='ocrx_word' id='word_1_165' title='bbox 411 1640 475 1679; x_wconf 90' lang='lat' dir='ltr'>illa</span> <span class='ocrx_word' id='word_1_166' title='bbox 505 1639 594 1678; x_wconf 91' lang='lat' dir='ltr'>dato</span> <span class='ocrx_word' id='word_1_167' title='bbox 627 1639 811 1678; x_wconf 89' lang='lat' dir='ltr'>subvecta</span> <span class='ocrx_word' id='word_1_168' title='bbox 842 1651 913 1690; x_wconf 88' lang='lat' dir='ltr'>per</span> <span class='ocrx_word' id='word_1_169' title='bbox 945 1642 1033 1678; x_wconf 76' lang='lat' dir='ltr'>aera</span> <span class='ocrx_word' id='word_1_170' title='bbox 1065 1650 1185 1677; x_wconf 90' lang='lat' dir='ltr'>curru</span> 
     </span>
     <span class='ocr_line' id='line_1_27' title="bbox 155 1697 1302 1750; baseline -0.003 -13"><span class='ocrx_word' id='word_1_171' title='bbox 155 1698 319 1738; x_wconf 90' lang='lat' dir='ltr'>Devenit</span> <span class='ocrx_word' id='word_1_172' title='bbox 347 1700 388 1738; x_wconf 93' lang='lat' dir='ltr'>in</span> <span class='ocrx_word' id='word_1_173' title='bbox 421 1698 617 1749; x_wconf 92' lang='lat' dir='ltr'>Scythiam</span> <span class='ocrx_word' id='word_1_174' title='bbox 635 1730 646 1750; x_wconf 89' lang='lat'><em>‚</em></span> <span class='ocrx_word' id='word_1_175' title='bbox 677 1697 871 1749; x_wconf 82' lang='lat' dir='ltr'>rigidique</span> <span class='ocrx_word' id='word_1_176' title='bbox 903 1698 1104 1736; x_wconf 88' lang='lat' dir='ltr'>cacumine</span> <span class='ocrx_word' id='word_1_177' title='bbox 1137 1697 1302 1748; x_wconf 90' lang='lat' dir='ltr'>montis,</span> 
     </span>
     <span class='ocr_line' id='line_1_28' title="bbox 157 1755 1191 1809; baseline -0.003 -13"><span class='ocrx_word' id='word_1_178' title='bbox 157 1756 356 1797; x_wconf 86' lang='lat' dir='ltr'>Caucason</span> <span class='ocrx_word' id='word_1_179' title='bbox 389 1757 611 1809; x_wconf 88' lang='lat' dir='ltr'>appellant,</span> <span class='ocrx_word' id='word_1_180' title='bbox 643 1762 871 1807; x_wconf 90' lang='lat' dir='ltr'>serpentum</span> <span class='ocrx_word' id='word_1_181' title='bbox 903 1755 999 1794; x_wconf 91' lang='lat' dir='ltr'>colla</span> <span class='ocrx_word' id='word_1_182' title='bbox 1031 1755 1191 1793; x_wconf 87' lang='lat' dir='ltr'>levavit:</span> 
     </span>
     <span class='ocr_line' id='line_1_29' title="bbox 157 1813 1175 1867; baseline -0.005 -12"><span class='ocrx_word' id='word_1_183' title='bbox 157 1815 460 1867; x_wconf 90' lang='lat' dir='ltr'>Quaesitamque</span> <span class='ocrx_word' id='word_1_184' title='bbox 491 1815 649 1854; x_wconf 90' lang='lat' dir='ltr'>Famem</span> <span class='ocrx_word' id='word_1_185' title='bbox 679 1813 853 1865; x_wconf 87' lang='lat' dir='ltr'>lapidoso</span> <span class='ocrx_word' id='word_1_186' title='bbox 887 1813 982 1852; x_wconf 87' lang='lat' dir='ltr'>vidit</span> <span class='ocrx_word' id='word_1_187' title='bbox 1012 1815 1052 1852; x_wconf 90' lang='lat' dir='ltr'>in</span> <span class='ocrx_word' id='word_1_188' title='bbox 1084 1824 1175 1863; x_wconf 86' lang='lat' dir='ltr'>agro</span> 
     </span>
     <span class='ocr_line' id='line_1_30' title="bbox 68 1870 1221 1926; baseline -0.003 -12"><span class='ocrx_word' id='word_1_189' title='bbox 68 1881 137 1914; x_wconf 89' lang='grc'>800</span> <span class='ocrx_word' id='word_1_190' title='bbox 156 1873 362 1926; x_wconf 89' lang='lat' dir='ltr'>Unguibus</span> <span class='ocrx_word' id='word_1_191' title='bbox 394 1880 434 1913; x_wconf 91' lang='lat' dir='ltr'>et</span> <span class='ocrx_word' id='word_1_192' title='bbox 463 1885 572 1912; x_wconf 88' lang='lat' dir='ltr'>raras</span> <span class='ocrx_word' id='word_1_193' title='bbox 604 1873 810 1912; x_wconf 83' lang='lat' dir='ltr'>vellentem</span> <span class='ocrx_word' id='word_1_194' title='bbox 842 1871 1025 1911; x_wconf 84' lang='lat' dir='ltr'>dentibus</span> <span class='ocrx_word' id='word_1_195' title='bbox 1057 1870 1221 1910; x_wconf 88' lang='lat' dir='ltr'>herbas.</span> 
     </span>
     <span class='ocr_line' id='line_1_31' title="bbox 156 1929 1271 1984; baseline -0.004 -12"><span class='ocrx_word' id='word_1_196' title='bbox 156 1932 292 1972; x_wconf 88' lang='lat' dir='ltr'>Hirtus</span> <span class='ocrx_word' id='word_1_197' title='bbox 325 1938 410 1972; x_wconf 89' lang='lat' dir='ltr'>erat</span> <span class='ocrx_word' id='word_1_198' title='bbox 441 1933 561 1972; x_wconf 89' lang='lat' dir='ltr'>crinis</span> <span class='ocrx_word' id='word_1_199' title='bbox 580 1963 591 1984; x_wconf 92' lang='lat'>‚</span> <span class='ocrx_word' id='word_1_200' title='bbox 623 1943 713 1971; x_wconf 90' lang='lat' dir='ltr'>cava</span> <span class='ocrx_word' id='word_1_201' title='bbox 745 1931 920 1982; x_wconf 88' lang='lat' dir='ltr'>lumina,</span> <span class='ocrx_word' id='word_1_202' title='bbox 951 1929 1074 1981; x_wconf 90' lang='lat' dir='ltr'>pallor</span> <span class='ocrx_word' id='word_1_203' title='bbox 1106 1931 1145 1968; x_wconf 93' lang='lat' dir='ltr'>in</span> <span class='ocrx_word' id='word_1_204' title='bbox 1178 1941 1271 1981; x_wconf 82' lang='lat' dir='ltr'>ore,</span> 
     </span>
     <span class='ocr_line' id='line_1_32' title="bbox 156 1988 1179 2043; baseline -0.004 -13"><span class='ocrx_word' id='word_1_205' title='bbox 156 1990 280 2030; x_wconf 87' lang='lat' dir='ltr'>Labra</span> <span class='ocrx_word' id='word_1_206' title='bbox 311 1993 449 2030; x_wconf 90' lang='lat' dir='ltr'>incana</span> <span class='ocrx_word' id='word_1_207' title='bbox 481 1992 558 2030; x_wconf 91' lang='lat' dir='ltr'>situ</span> <span class='ocrx_word' id='word_1_208' title='bbox 577 2022 588 2043; x_wconf 89' lang='lat'><em>,</em></span> <span class='ocrx_word' id='word_1_209' title='bbox 621 1989 779 2029; x_wconf 87' lang='lat' dir='ltr'>scabrae</span> <span class='ocrx_word' id='word_1_210' title='bbox 812 1988 991 2039; x_wconf 84' lang='lat' dir='ltr'>rubigine</span> <span class='ocrx_word' id='word_1_211' title='bbox 1024 1988 1179 2038; x_wconf 87' lang='lat' dir='ltr'>fauces,</span> 
     </span>
     <span class='ocr_line' id='line_1_33' title="bbox 157 2048 1270 2102; baseline -0.004 -14"><span class='ocrx_word' id='word_1_212' title='bbox 157 2049 261 2089; x_wconf 89' lang='lat' dir='ltr'>Dura</span> <span class='ocrx_word' id='word_1_213' title='bbox 293 2051 396 2088; x_wconf 85' lang='lat' dir='ltr'>cutis</span> <span class='ocrx_word' id='word_1_214' title='bbox 414 2081 425 2102; x_wconf 85' lang='lat'>,</span> <span class='ocrx_word' id='word_1_215' title='bbox 456 2061 527 2101; x_wconf 91' lang='lat' dir='ltr'>per</span> <span class='ocrx_word' id='word_1_216' title='bbox 560 2061 675 2100; x_wconf 86' lang='lat' dir='ltr'>quam</span> <span class='ocrx_word' id='word_1_217' title='bbox 707 2049 876 2099; x_wconf 87' lang='lat' dir='ltr'>spectari</span> <span class='ocrx_word' id='word_1_218' title='bbox 908 2048 1056 2085; x_wconf 86' lang='lat' dir='ltr'>viscera</span> <span class='ocrx_word' id='word_1_219' title='bbox 1087 2051 1270 2098; x_wconf 87' lang='lat' dir='ltr'>possent:</span> 
     </span>
     <span class='ocr_line' id='line_1_34' title="bbox 157 2104 1115 2157; baseline -0.003 -11"><span class='ocrx_word' id='word_1_220' title='bbox 157 2106 254 2147; x_wconf 88' lang='lat' dir='ltr'>Ossa</span> <span class='ocrx_word' id='word_1_221' title='bbox 286 2106 359 2146; x_wconf 87' lang='lat' dir='ltr'>sub</span> <span class='ocrx_word' id='word_1_222' title='bbox 391 2109 564 2146; x_wconf 88' lang='lat' dir='ltr'>incurvis</span> <span class='ocrx_word' id='word_1_223' title='bbox 597 2106 780 2146; x_wconf 85' lang='lat' dir='ltr'>extabant</span> <span class='ocrx_word' id='word_1_224' title='bbox 811 2105 916 2145; x_wconf 89' lang='lat' dir='ltr'>arida</span> <span class='ocrx_word' id='word_1_225' title='bbox 948 2104 1115 2157; x_wconf 86' lang='lat' dir='ltr'>lumbis,</span> 
     </span>
     <span class='ocr_line' id='line_1_35' title="bbox 69 2162 1377 2217; baseline -0.005 -11"><span class='ocrx_word' id='word_1_226' title='bbox 69 2172 137 2206; x_wconf 84' lang='lat'>805</span> <span class='ocrx_word' id='word_1_227' title='bbox 157 2165 315 2205; x_wconf 87' lang='lat' dir='ltr'>Ventris</span> <span class='ocrx_word' id='word_1_228' title='bbox 346 2171 432 2205; x_wconf 74' lang='lat' dir='ltr'>era-t</span> <span class='ocrx_word' id='word_1_229' title='bbox 466 2177 538 2217; x_wconf 88' lang='lat' dir='ltr'>pro</span> <span class='ocrx_word' id='word_1_230' title='bbox 578 2170 713 2204; x_wconf 88' lang='lat' dir='ltr'>ventre</span> <span class='ocrx_word' id='word_1_231' title='bbox 750 2164 890 2216; x_wconf 81' lang='lat' dir='ltr'>locus3</span> <span class='ocrx_word' id='word_1_232' title='bbox 922 2174 1173 2214; x_wconf 86' lang='lat' dir='ltr'>genuumque</span> <span class='ocrx_word' id='word_1_233' title='bbox 1207 2162 1377 2201; x_wconf 86' lang='lat' dir='ltr'>tumebat</span> 
     </span>
     <span class='ocr_line' id='line_1_36' title="bbox 68 2221 1134 2277; baseline -0.004 -13"><span class='ocrx_word' id='word_1_234' title='bbox 68 2231 136 2265; x_wconf 82' lang='grc'>808</span> <span class='ocrx_word' id='word_1_235' title='bbox 157 2224 273 2264; x_wconf 89' lang='lat' dir='ltr'>Orbis</span> <span class='ocrx_word' id='word_1_236' title='bbox 293 2256 304 2277; x_wconf 87' lang='lat'><em>,</em></span> <span class='ocrx_word' id='word_1_237' title='bbox 336 2230 377 2263; x_wconf 90' lang='lat' dir='ltr'>et</span> <span class='ocrx_word' id='word_1_238' title='bbox 408 2224 603 2263; x_wconf 89' lang='lat' dir='ltr'>inmodico</span> <span class='ocrx_word' id='word_1_239' title='bbox 636 2222 844 2275; x_wconf 89' lang='lat' dir='ltr'>prodibant</span> <span class='ocrx_word' id='word_1_240' title='bbox 877 2221 1013 2261; x_wconf 89' lang='lat' dir='ltr'>tubere</span> <span class='ocrx_word' id='word_1_241' title='bbox 1047 2221 1134 2260; x_wconf 86' lang='lat' dir='ltr'>tali.</span> 
     </span>
     <span class='ocr_line' id='line_1_37' title="bbox 155 2279 1377 2335; baseline -0.004 -13"><span class='ocrx_word' id='word_1_242' title='bbox 155 2282 264 2322; x_wconf 88' lang='lat' dir='ltr'>Hanc</span> <span class='ocrx_word' id='word_1_243' title='bbox 282 2282 421 2335; x_wconf 90' lang='lat' dir='ltr'>procul</span> <span class='ocrx_word' id='word_1_244' title='bbox 442 2288 485 2322; x_wconf 88' lang='lat' dir='ltr'>ut</span> <span class='ocrx_word' id='word_1_245' title='bbox 504 2282 620 2334; x_wconf 87' lang='lat' dir='ltr'>vidit,</span> <span class='ocrx_word' id='word_1_246' title='bbox 642 2303 695 2309; x_wconf 93' lang='lat'>——</span> <span class='ocrx_word' id='word_1_247' title='bbox 716 2293 844 2333; x_wconf 91' lang='lat' dir='ltr'>neque</span> <span class='ocrx_word' id='word_1_248' title='bbox 863 2282 968 2320; x_wconf 90' lang='lat' dir='ltr'>enim</span> <span class='ocrx_word' id='word_1_249' title='bbox 988 2285 1049 2319; x_wconf 89' lang='lat' dir='ltr'>est</span> <span class='ocrx_word' id='word_1_250' title='bbox 1067 2279 1253 2319; x_wconf 87' lang='lat' dir='ltr'>accedere</span> <span class='ocrx_word' id='word_1_251' title='bbox 1274 2280 1377 2318; x_wconf 89' lang='lat' dir='ltr'>iuxta</span> 
     </span>
     <span class='ocr_line' id='line_1_38' title="bbox 155 2338 1337 2392; baseline -0.004 -11"><span class='ocrx_word' id='word_1_252' title='bbox 155 2342 259 2382; x_wconf 89' lang='lat' dir='ltr'>Ausa</span> <span class='ocrx_word' id='word_1_253' title='bbox 291 2363 345 2370; x_wconf 93' lang='lat'>—</span> <span class='ocrx_word' id='word_1_254' title='bbox 378 2341 502 2380; x_wconf 81' lang='lat' dir='ltr'>refert</span> <span class='ocrx_word' id='word_1_255' title='bbox 533 2340 710 2380; x_wconf 83' lang='lat' dir='ltr'>mandata</span> <span class='ocrx_word' id='word_1_256' title='bbox 742 2339 866 2380; x_wconf 88' lang='lat' dir='ltr'>deae:</span> <span class='ocrx_word' id='word_1_257' title='bbox 896 2338 1134 2392; x_wconf 90' lang='lat' dir='ltr'>paulumque</span> <span class='ocrx_word' id='word_1_258' title='bbox 1166 2343 1337 2387; x_wconf 89' lang='lat' dir='ltr'>morata,</span> 
     </span>
    </p>
   </div>
  </div>
 </body>
</html>
