1507 2580
541 98 558 132 Ι
572 126 581 143 ,
608 98 780 142 ’ΠΙ-ΙΙ,
807 102 852 133 60
867 126 874 132 .
1007 111 1188 133 ΡυΛετΒοΝ
1323 99 1377 139 23

163 208 204 247 ln
236 207 333 247 solio
364 207 546 247 Phoebus
579 209 693 247 claris
726 208 880 247 lucente
914 208 1149 258 smaragdis.

102 275 145 306 25
165 269 195 306 Α
220 267 356 306 dextra
386 267 570 317 laevaque
603 267 692 305 Dies
724 274 764 306 et
794 267 939 305 Mensis
971 272 1010 305 et
1041 268 1174 305 Annus

164 325 403 376 Saeculaque
436 331 476 364 et
507 326 655 376 positae
681 327 815 377 spatiis
848 324 1073 375 aequalibus
1106 324 1231 363 Horae

163 383 315 435 Verque
347 396 489 423 novum
522 383 648 422 stabat
679 386 851 423 cinctum
883 384 1047 422 ssorente
1079 395 1244 434 corona,

163 442 297 481 Stabat
328 442 429 481 nuda
460 444 597 480 Aestas
629 448 667 481 et
700 444 829 493 spicea
861 448 965 481 serta
997 441 1180 493 gerebat,

163 500 298 540 Stabat
328 508 368 540 et
398 502 620 540 Autumnus
653 501 808 540 calcatis
841 501 1022 539 sordidus
1055 502 1139 539 uvis

97 568 142 599 3ο
163 558 211 598 Et
241 559 412 610 glacialis
443 559 576 598 Hiems
609 571 726 598 canos
757 560 907 598 hirsuta
939 559 1120 611 capillos.

162 617 255 656 Inde
287 618 372 656 loco
404 618 557 657 medius
588 630 723 657 rerum
755 620 923 657 novitate
955 624 1160 670 paventem

163 675 229 715 Sol
259 676 383 715 oculis
415 678 625 729 iuvenem,
658 676 800 727 quibus
833 678 971 727 aspIcit
1002 678 1129 715 omnia
1149 708 1159 728 ,
1194 676 1309 725 vidit,

164 732 302 780 ‘Quae’
323 747 398 786 que
420 732 517 774 ‘viae
539 735 609 773 tibi
629 747 744 774 causa
764 733 786 774 ⁴?
806 736 898 787 quid
920 733 1005 774 hac'
1027 737 1079 774 ait
1099 732 1203 773 ‘arce
1224 736 1355 786 petisti
1373 767 1380 785 ,

162 793 375 845 Progenies
394 825 406 846 ,
437 793 637 832 Phaethon
657 825 668 846 ‚
700 794 803 833 haud
836 794 1034 833 infitianda
1066 795 1219 845 parenti
1239 790 1274 831 ?’

98 860 142 890 35
163 851 230 890 llle
251 853 373 891 refert
406 850 442 890 ‘o
469 852 534 891 lux
566 854 733 891 inmensi
765 852 920 903 publica
953 852 1111 904 mundi,

160 910 316 949 Phoebe
344 917 483 962 pater,
515 913 548 949 si
579 911 647 949 das
679 911 795 950 huius
827 911 921 949 mihi
954 913 1121 949 nominis
1154 921 1293 960 usum,

160 968 242 1008 Nec
268 969 361 1008 salsa
394 969 577 1020 Clymene
609 969 762 1020 culpam
794 969 867 1008 sub
900 971 1066 1020 imagine
1099 968 1222 1007 celat:

161 1027 329 1079 Pignera
361 1028 407 1067 da
426 1060 437 1080 ‚
469 1029 653 1080 genitor,
685 1040 755 1079 per
788 1040 886 1078 quae
920 1035 985 1067 tua
1017 1039 1107 1066 vera
1140 1038 1310 1078 propago

162 1085 308 1125 Credar
325 1118 337 1139 ,
363 1092 403 1126 et
427 1086 533 1125 hunc
565 1088 702 1125 animis
735 1098 911 1125 errorem
938 1086 1099 1126 detrahe
1133 1086 1277 1124 nostris
1293 1082 1315 1123 .'

99 1153 145 1184 4ο
165 1143 350 1185 Dixerat.
389 1151 428 1184 at
458 1146 613 1196 genitor
645 1147 795 1184 circum
827 1151 944 1196 caput
976 1157 1089 1184 omne
1123 1145 1311 1182 micantes

162 1202 352 1254 Deposuit
384 1204 513 1242 radios
532 1235 543 1256 ,
574 1205 815 1255 propiusque
849 1203 1036 1242 accedere
1069 1204 1206 1254 iussit,

160 1262 429 1313 Amplexuque
461 1262 550 1301 dato
584 1259 672 1300 enec
704 1267 746 1300 tu
778 1273 888 1301 meus
920 1274 1006 1300 esse
1039 1263 1173 1312 negari

161 1320 310 1371 Dignus
342 1333 415 1372 es,
447 1327 487 1360 et
518 1320 700 1371 Clymene
734 1317 863 1359 veros'
894 1321 948 1359 ait
980 1317 1116 1359 ‘edidit
1148 1325 1281 1358 ortus.

163 1378 326 1430 Quoque
354 1381 484 1418 minus
509 1379 664 1418 dubites
682 1411 694 1431 ,
726 1379 888 1430 quodvis
907 1384 996 1431 pete
1023 1390 1166 1417 munus
1184 1410 1195 1429 ‚
1228 1384 1270 1416 ut
1290 1377 1382 1416 illud

97 1446 141 1476 45
162 1437 221 1476 Me
254 1437 451 1476 tribuente
484 1438 614 1476 seras.
652 1439 856 1489 promissis
889 1439 1000 1476 testis
1032 1437 1165 1476 adesto

162 1496 228 1535 Dis
259 1496 423 1535 iuranda
448 1496 559 1548 palus
577 1528 588 1548 ,
620 1496 744 1535 oculis
776 1498 973 1547 incognita
1004 1497 1150 1535 nostris
1165 1492 1189 1533 .'

165 1553 234 1593 Vix
265 1553 365 1594 bene
398 1554 597 1606 desierat,
629 1567 771 1594 currus
804 1561 915 1606 rogat
945 1554 1009 1593 ille
1040 1560 1226 1606 paternos

163 1612 284 1664 Inque
316 1613 420 1652 diem
450 1613 645 1665 alipedum
677 1615 738 1652 ius
771 1619 809 1652 et
840 1613 1089 1652 moderamen
1122 1623 1335 1662 equorum.

161 1671 358 1711 Paenituit
382 1674 531 1711 iurasse
564 1678 743 1724 patrem.
783 1674 850 1723 qui
883 1678 1020 1722 terque
1053 1678 1269 1722 quaterque

99 1739 143 1770 5ο
164 1730 400 1770 Concutiens
431 1731 584 1770 illustre
617 1736 735 1782 caput
760 1727 998 1769 ‘temeraria'
1030 1730 1127 1768 dixit

164 1786 260 1827 ‘Vox
292 1801 376 1828 mea
409 1789 508 1828 sacta
539 1795 605 1828 tua
637 1795 725 1828 est.
764 1791 912 1828 utinam
944 1790 1135 1839 promissa
1167 1787 1304 1826 liceret

163 1847 249 1886 Non
268 1847 361 1886 dare
381 1847 390 1887 l
423 1848 613 1887 confiteor
630 1880 642 1900 ‚
674 1847 800 1887 solum
820 1847 894 1886 hoc
914 1846 984 1886 tibi
1002 1879 1014 1898 ,
1033 1852 1120 1885 nate
1140 1878 1151 1898 ,
1177 1857 1358 1897 negarem
1380 1878 1385 1883 .

163 1905 396 1945 Dissuadere
428 1906 548 1946 licet.
586 1918 664 1945 non
696 1913 757 1945 est
787 1912 852 1945 tua
884 1911 966 1944 tuta
998 1905 1198 1944 voluntas.

163 1964 300 2016 Magna
324 1967 454 2017 petis,
485 1964 686 2004 Phaethon
705 1996 716 2016 ,
748 1971 787 2003 et
818 1976 916 2014 quae
948 1975 1020 2002 nec
1052 1963 1200 2002 viribus
1231 1964 1317 2002 istis

100 2033 143 2064 55
163 2023 326 2063 Munera
356 2025 589 2062 conveniant
620 2035 692 2062 nec
724 2029 801 2061 tam
832 2022 1049 2074 puerilibus
1074 2024 1208 2060 annis.

167 2081 261 2121 Sors
293 2088 359 2121 tua
390 2082 565 2121 mortalis
584 2112 593 2121 .
632 2093 710 2120 non
742 2087 803 2120 est
834 2081 996 2120 mortale
1028 2080 1132 2132 quod
1165 2086 1294 2131 optas.

166 2140 259 2179 Plus
291 2143 438 2194 etiam,
469 2152 585 2192 quam
618 2140 721 2191 quod
760 2141 914 2191 superis
947 2141 1174 2190 contingere
1214 2139 1270 2177 sas
1302 2143 1384 2189 est,

165 2198 330 2239 Nescius
361 2200 518 2238 affectas
538 2229 547 2238 .
585 2198 735 2250 placeat
765 2197 840 2237 sibi
872 2199 1038 2249 quisque
1071 2196 1232 2250 licebit,

166 2257 251 2298 Non
283 2264 411 2298 tamen
443 2258 608 2309 ignifero
641 2259 847 2308 quisquam
878 2258 1092 2296 consistere
1124 2258 1164 2294 in
1196 2267 1265 2294 axe

101 2326 146 2359 60
165 2315 226 2356 Me
258 2316 358 2356 valet
389 2322 580 2367 excepto.
619 2317 716 2354 vasti
747 2327 902 2367 quoque
935 2321 1066 2355 rector
1098 2313 1273 2366 Olympi,
