1527 2580
630 130 697 165 XV
715 157 723 174 ,
750 134 864 166 ‘1—79
879 159 887 166 .
1006 143 1231 167 rvrmoonas
1347 133 1428 174 307

207 241 319 280 Tunc
351 253 509 293 quoque
541 242 598 280 sic
629 240 704 280 lata
736 246 796 280 est
827 242 1019 281 sententia
1048 243 1202 294 tristis3
1234 248 1274 280 et
1304 243 1428 281 omnis

210 299 391 339 Calculus
422 301 599 338 inmitem
632 298 850 338 demittitur
881 305 965 339 ater
996 302 1039 339 in
1071 312 1233 339 urnam.

147 366 191 398 45
212 358 319 404 Quae
354 357 470 398 simul
502 357 639 397 effudit
670 358 934 397 numerandos
966 370 1077 398 versa
1108 358 1282 412 lapillos,

207 415 399 456 Omnibus
425 428 446 455 e
478 418 589 468 nigro
622 415 729 456 color
762 422 822 456 est
852 423 1024 456 mutatus
1055 419 1095 456 in
1127 417 1280 470 album,
1319 427 1340 453 ι.
1359 434 1424 453 oev-

208 474 457 526 Candidaque
488 474 683 514 Herculeo
709 477 905 514 sententia
936 477 1096 515 numine
1129 476 1229 515 facta

208 533 330 573 Solvit
361 533 644 573 Alemoniden.
682 539 811 585 grates
843 535 922 585 agit
952 534 1016 573 ille
1048 537 1201 586 parenti

206 592 598 645 Amphitryoniadae,
631 593 837 643 ventisque
870 592 1090 632 faventibus
1123 605 1269 644 aequor

145 658 190 690 5ο
209 650 371 703 Navigat
401 650 554 690 Ionium
572 683 584 703 ‚
616 649 1047 702 Lacedaemoniumque
1078 651 1294 691 Tarentum

134 730 185 738 —
207 709 402 749 Praeterit
432 716 472 748 et
503 709 669 761 Sybarin
702 708 1038 761 Sallentinumque
1070 709 1258 750 Neretum

206 768 482 819 Thurinosque
516 769 625 807 sinus
658 767 928 819 Crimisanque
961 774 1000 807 et
1031 767 1183 820 Iapygis
1215 780 1324 821 arva3

206 826 355 878 Vixque
386 830 600 879 pererratis
619 859 630 879 ,
663 839 762 878 quae
794 833 973 878 spectant
1004 826 1149 880 litora,
1183 829 1324 880 terris,

206 885 358 924 Invenit
387 886 547 924 Aesarei
579 885 707 924 fatalia
737 885 910 924 fluminis
942 897 1034 937 ora,

142 951 185 983 55
206 943 286 983 Nec
310 943 450 996 procul
480 943 572 983 hinc
606 943 800 983 tumulum
818 975 829 997 ‚
861 943 934 983 sub
968 956 1045 995 quo
1072 950 1221 984 sacrata
1248 943 1427 984 Crotonis

205 1001 303 1041 Ossa
335 1002 489 1054 tegebat
520 1002 693 1042 humus:
724 1004 908 1053 iussaque
940 1001 994 1041 ibi
1026 1004 1179 1042 moenia
1213 1009 1316 1042 terra

205 1060 414 1113 Condidit,
441 1066 480 1100 et
511 1073 653 1100 nomen
686 1061 865 1100 tumulati
897 1062 1015 1100 traxit
1046 1063 1086 1100 in
1121 1061 1260 1100 urbem
1277 1059 1300 1099 ,'

204 1118 310 1158 Talia
343 1118 546 1158 constabat
577 1126 684 1158 certa
714 1119 930 1170 primordia
962 1119 1062 1158 fama

206 1176 304 1216 Esse
336 1177 412 1216 loci
442 1179 670 1229 positaeque
703 1177 809 1216 Italis
839 1179 880 1216 in
912 1177 1055 1217 finibus
1088 1177 1220 1218 urbis.

139 1244 186 1276 60
264 1235 332 1275 Vir
363 1236 437 1275 suit
467 1235 531 1275 hic
549 1268 561 1288 ‚
593 1242 683 1276 ortu
716 1235 898 1288 Samius;
930 1236 999 1275 sed
1031 1236 1185 1288 fugerat
1216 1249 1292 1277 una

203 1294 253 1334 Et
285 1293 427 1334 Samon
459 1301 498 1334 et
529 1294 706 1334 dominos
725 1327 736 1347 ,
769 1294 936 1345 odioque
969 1295 1187 1346 tyrannidis
1219 1296 1309 1335 exul

206 1353 353 1404 Sponte
385 1359 496 1392 erat.
534 1355 645 1405 isque
664 1385 676 1406 ‚
708 1353 799 1392 licet
825 1353 920 1392 caeli
953 1354 1112 1405 regione
1145 1361 1342 1407 remotos,

203 1411 332 1451 Mente
358 1411 452 1451 deos
484 1411 578 1451 adiit
608 1417 648 1451 et
679 1424 777 1463 quae
810 1418 949 1451 natura
979 1411 1145 1463 negabat

204 1469 360 1509 Visibus
391 1469 601 1523 humanis,
632 1470 756 1509 oculis
790 1482 834 1509 ea
857 1471 1029 1522 pectoris
1061 1469 1214 1510 hausit.

142 1536 187 1568 65
209 1527 385 1580 Cumque
417 1530 544 1567 animo
578 1534 617 1567 et
647 1528 752 1580 vigili
783 1535 1039 1581 perspexerat
1071 1530 1200 1568 omnia
1226 1541 1343 1583 cura,

202 1587 247 1627 In
278 1586 451 1627 medium
482 1586 667 1626 discenda
698 1587 841 1639 dabat,
873 1593 1089 1638 coetusque
1123 1587 1307 1627 silentum

203 1645 394 1697 Dictaque
425 1646 637 1684 mirantum
668 1647 798 1696 magni
828 1645 1042 1696 primordia
1072 1645 1208 1684 muudi

202 1703 253 1743 Et
284 1715 419 1743 rerum
450 1715 586 1743 causas
619 1709 686 1756 et,
719 1703 812 1754 quid
844 1709 982 1743 natura
1001 1735 1012 1756 ,
1044 1703 1231 1743 docebat:

206 1762 307 1808 Quid
339 1761 467 1814 deus,
498 1761 601 1801 unde
633 1763 742 1801 nives
761 1793 772 1814 ,
804 1773 902 1813 quae
941 1761 1115 1801 fulminis
1153 1768 1259 1802 esset
1289 1764 1418 1815 origo,

139 1828 183 1860 70
203 1820 378 1872 Iuppiter
409 1832 458 1860 an
489 1822 594 1860 venti
626 1820 801 1860 discussa
833 1819 936 1859 nube
968 1826 1174 1873 tonarent,

203 1879 304 1925 Quid
337 1884 518 1930 quateret
548 1884 704 1932 terras,
736 1891 811 1930 qua
842 1879 971 1918 sidera
1000 1878 1086 1930 lege
1118 1886 1317 1933 mearent,

200 1937 252 1977 Et
283 1937 557 1990 quodcumque
588 1937 709 1977 latet.
747 1938 976 1989 primusque
1009 1936 1187 1977 animalia
1218 1940 1362 1978 mensis

201 1997 341 2047 Arguit
371 1997 536 2047 inponi:
566 1997 718 2048 primus
750 2007 873 2047 quum
905 1994 1045 2035 talibus
1078 2007 1146 2034 ora

201 2053 323 2094 Docta
355 2054 513 2106 quidem
545 2054 687 2107 solvit,
719 2054 787 2093 sed
819 2066 898 2094 non
930 2060 970 2094 et
1001 2054 1148 2094 credita
1166 2086 1177 2107 ‚
1210 2054 1362 2095 verbis:

137 2120 181 2152 ‘15
203 2110 372 2152 ‘Parcite
390 2144 402 2165 ,
433 2112 647 2166 mortales,
679 2112 843 2165 dapibus
876 2118 1069 2152 temerare
1103 2113 1280 2153 nefandis

202 2171 404 2223 Corpora!
437 2177 530 2210 sunt
560 2172 693 2223 fruges
711 2203 723 2224 ‚
755 2177 848 2211 sunt
879 2171 1113 2211 deducentia
1144 2184 1273 2212 ramos

200 2229 381 2270 Pondere
412 2241 526 2282 poma
558 2242 629 2269 suo
651 2262 662 2282 ,
694 2229 945 2282 tumidaeque
975 2231 1016 2269 in
1047 2229 1191 2270 vitibus
1217 2242 1338 2283 uvae;

202 2287 303 2328 Sunt
333 2287 476 2328 herbae
508 2287 642 2328 dulces
661 2320 672 2341 ,
705 2296 796 2328 sunt
827 2300 925 2340 quae
958 2290 1165 2328 mitescere
1197 2289 1348 2328 flamma

202 2346 420 2399 Mollirique
454 2353 627 2399 queant.
666 2359 739 2387 nec
771 2346 878 2386 vobis
909 2347 1057 2387 lacteus
1091 2359 1203 2387 umor

1065 2413 1137 2450 20*
