1554 2506
106 73 187 114 102
363 87 466 109 censs
652 73 866 109 METAMM
878 101 885 110 .

220 183 290 222 llic
322 190 438 235 caput
470 184 600 223 attollo
634 184 874 235 desuetaque
907 185 1033 224 sidera
1066 199 1209 227 cerno.

218 242 321 294 Ergo
355 243 447 282 dum
481 242 612 293 Stygio
645 242 717 281 sub
750 245 866 282 terris
899 246 1052 296 gurgite
1083 244 1215 299 labor,

130 307 196 339 505
218 300 305 340 visa
338 306 402 340 tua
435 306 495 339 est
527 300 648 339 oculis
681 301 759 340 illic
790 301 1024 353 Proserpina
1056 305 1227 343 nostris:

218 359 282 397 llla
315 359 471 410 quidem
505 360 629 398 tristis
647 391 658 412 ,
690 371 816 411 neque
849 361 974 400 adhuc
1005 362 1185 401 interrita
1217 362 1350 416 vultu,

222 417 297 456 Sed
330 419 463 468 regina
496 423 625 457 tamen
645 449 656 471 ,
690 418 757 458 sed
791 421 901 471 opaci
934 421 1098 459 maxima
1132 421 1291 472 mundi,

219 476 268 514 Se
327 482 455 515 tamen
488 477 631 515 inferni
663 477 812 528 pollens
845 483 1020 517 matrona
1052 481 1207 531 tyranni
1221 476 1277 518 .'’'

217 534 255 573 M
281 540 340 573 ter
372 534 419 573 ad
451 534 601 574 auditas
634 537 785 588 stupuit
818 549 888 576 ceu
923 549 1036 576 saxea
1068 549 1208 590 voces,

130 601 197 633 510
217 592 494 644 Atto-uitaeque
527 593 593 633 diu
626 595 762 634 similis
796 595 898 635 suit.
937 601 1058 647 utque
1091 596 1224 635 dolore

214 651 330 690 Pulsa
362 653 468 703 gravi
500 654 627 703 gravis
659 659 719 692 est
749 656 916 693 amentia
935 686 946 707 ,
979 654 1161 694 curribus
1195 667 1281 694 oras

214 709 304 749 Exit
333 711 373 749 in
406 711 599 750 aetherias
619 742 628 751 .
665 711 720 751 ibi
751 717 833 751 toto
866 712 996 752 nubila
1028 714 1136 753 vultu

214 769 314 808 Ante
345 768 475 808 Iovem
507 771 632 821 passis
664 772 775 810 stetit
805 771 992 810 invidiosa
1025 772 1196 825 capillis,

215 823 356 866 “‘Pro'
389 840 464 879 que
498 825 599 867 ‘meo
626 830 714 868 veni
740 829 904 881 supplex
938 829 1033 883 tibi,
1064 828 1278 883 Iuppiter,'
1310 831 1438 882 inquit

127 894 193 924 515
215 884 456 939 ‘Sanguine‚
487 899 639 939 proque
670 893 738 927 tuo
759 920 767 927 .
805 890 837 927 si
869 888 972 928 nulla
1005 894 1064 928 est
1095 891 1216 940 gratia
1249 891 1408 941 matris,

214 944 310 984 Nata
340 951 493 997 patrem
525 952 705 986 moveat.
743 959 820 986 neu
860 948 911 986 sit
949 947 1019 986 tibi
1051 960 1144 986 cura
1164 980 1174 999 ,
1205 960 1436 999 precamur,

214 1003 333 1042 Vilior
363 1004 496 1057 illius,
530 1005 632 1055 quod
665 1010 799 1045 nostro
832 1011 893 1045 est
923 1006 1025 1045 edita
1057 1014 1194 1057 partu.

212 1061 271 1101 En
304 1064 477 1114 quaesita
510 1063 576 1102 diu
603 1064 760 1103 tandem
791 1064 886 1103 mihi
917 1071 1005 1103 nata
1038 1071 1191 1116 reperta
1225 1070 1307 1104 est:

215 1120 255 1159 Si
288 1123 464 1173 reperire
498 1134 611 1161 vocas
644 1124 822 1161 amittere
855 1125 1002 1162 certius
1021 1154 1032 1175 ,
1064 1129 1131 1162 aut
1162 1125 1194 1162 si

125 1187 193 1218 520
218 1179 327 1218 Scire
346 1211 357 1232 ‚
389 1179 456 1218 ubi
479 1181 551 1232 sit,
577 1183 753 1232 reperire
774 1193 887 1220 vocas
908 1212 916 1220 .
949 1181 1052 1232 quod
1074 1188 1207 1234 rapta,
1240 1183 1435 1234 feremus,

212 1238 430 1277 Dummodo
463 1238 600 1278 reddat
631 1251 744 1279 eam.
783 1252 911 1291 neque
943 1242 1048 1279 enim
1067 1240 1263 1292 praedone
1295 1242 1434 1279 marito

213 1296 308 1336 Filia
341 1298 455 1348 digna
487 1303 554 1337 tua
586 1303 647 1336 est
678 1319 733 1326 —
766 1300 798 1337 si
830 1300 906 1337 iam
939 1311 1023 1337 mea
1056 1299 1130 1337 filia
1164 1311 1240 1337 non
1274 1305 1356 1338 est.

212 1355 388 1407 Iuppiter
420 1358 574 1407 excepit
605 1353 859 1397 “‘commune
892 1363 953 1396 est
977 1359 1118 1409 pignus
1151 1369 1328 1408 onusque

213 1414 309 1454 Nata
341 1414 435 1453 mihi
468 1420 598 1454 tecum
619 1446 627 1454 .
666 1415 734 1454 sed
767 1417 800 1455 si
831 1416 946 1455 modo
981 1418 1136 1455 nomina
1168 1416 1287 1455 rebus

124 1480 191 1512 525
212 1472 366 1512 Addere
396 1485 487 1512 vera
519 1473 646 1525 placet
664 1506 675 1526 ‚
706 1486 784 1513 non
810 1474 885 1513 hoc
917 1476 1058 1513 iniuria
1090 1475 1258 1527 sactum,

211 1531 355 1572 Verum
387 1543 495 1571 amor
521 1538 609 1571 est.
647 1545 775 1584 neque
807 1534 883 1572 erit
906 1533 1019 1572 nobis
1047 1545 1168 1584 gener
1186 1533 1250 1572 ille
1269 1533 1434 1585 pudori,

211 1590 270 1630 Tu
292 1590 405 1630 modo
424 1623 435 1643 ,
467 1591 551 1629 diva
569 1623 580 1643 ,
612 1591 707 1630 velis
727 1622 735 1630 .
773 1597 818 1630 ut
837 1591 964 1631 desint
984 1597 1138 1645 cetera,
1166 1598 1354 1643 quantum
1375 1599 1435 1631 est

212 1649 309 1689 Esse
341 1649 441 1688 Iovis
474 1648 664 1689 fratrem!
698 1650 788 1701 quid
823 1650 925 1701 quod
960 1663 1037 1689 non
1070 1656 1200 1690 cetera
1232 1651 1375 1689 desunt

211 1708 292 1747 Nec
323 1708 428 1747 cedit
459 1709 533 1747 nisi
566 1713 671 1748 sorte
704 1709 826 1747 mihi.
867 1709 933 1748 sed
966 1714 1070 1748 tanta
1104 1709 1245 1761 cupido

123 1774 191 1805 {230
213 1767 253 1805 Si
284 1766 356 1806 tibi
389 1766 541 1806 discidii
573 1773 661 1820 est,
693 1772 847 1818 repetet
876 1767 1112 1819 Proserpina
1146 1767 1320 1820 caelum,

211 1825 313 1876 Lege
345 1831 475 1864 tamen
509 1831 614 1865 certa
635 1858 645 1877 ,
677 1827 708 1864 si
741 1825 869 1865 nullos
901 1828 1066 1878 contigit
1096 1827 1174 1865 illic

212 1883 289 1923 Ore
322 1884 459 1924 cibos:
491 1896 580 1923 nam
612 1886 669 1923 sic
687 1884 899 1924 Parcarum
932 1885 1267 1933 foedfflazitiim
1301 1890 1384 1924 est.

270 1942 456 1982 Dixerat.
496 1949 534 1983 at
566 1942 702 1982 Cereri
733 1949 885 1983 certum
918 1949 978 1982 est
1009 1942 1177 1983 educere
1210 1949 1362 1983 natam.

1360 1295 1405 1313 ”9

1387 1881 1432 1900 5„

210 2000 295 2039 Non
327 2003 379 2039 ita
412 2002 488 2040 fata
521 2003 684 2054 sinunt,
717 2003 899 2052 quoniam
931 2003 1076 2041 ieiunia
1106 2004 1215 2053 virgo

123 2066 190 2099 535
212 2057 389 2098 Solverat
419 2065 460 2099 et
491 2060 605 2099 cultis
638 2060 729 2099 dum
763 2061 924 2112 simplex
959 2066 1064 2100 errat
1094 2062 1134 2100 in
1165 2061 1316 2114 hortis,

210 2118 448 2157 Poeniceum
481 2130 599 2158 curva
631 2118 884 2170 decerpserat
915 2119 1054 2158 arbore
1085 2131 1270 2173 pomum,

211 2176 430 2228 Gluptaque
463 2177 618 2215 callenti
651 2183 801 2229 septem
832 2178 880 2217 de
913 2179 1059 2217 cortice
1091 2190 1209 2229 grana

209 2234 413 2274 Presserat
445 2247 512 2273 ore
539 2247 640 2274 suo:
673 2235 858 2287 solusque
892 2248 936 2274 ex
970 2236 1152 2276 omnibus
1182 2235 1277 2276 illud

209 2293 447 2346 Ascalaphus
480 2293 602 2346 vidit,
636 2306 752 2344 quem
785 2295 979 2345 quondam
1012 2294 1157 2334 dicitur
1188 2293 1375 2348 Orphne,
