1527 2580
570 119 600 154 V
616 146 623 163 ,
653 123 834 155 135-207
850 146 857 155 .
1021 133 1167 155 reuss-‚us
1330 121 1385 162 93

165 227 250 268 Non
283 230 582 281 circumspectis
613 235 791 269 exactum
824 229 970 269 viribus
1003 242 1135 269 ensem

164 287 297 339 Fregit
326 289 366 326 in
399 294 571 327 extrema
602 300 810 339 percussae
843 295 951 340 parte
985 288 1209 328 columnae:

165 344 362 386 Lammina
394 346 591 398 dissiluit,
623 347 846 398 dominique
878 349 917 386 in
949 353 1107 399 gutture
1140 348 1212 386 fixa
1246 354 1325 386 est.

163 403 249 443 Non
282 410 410 444 tamen
444 404 489 443 ad
523 405 641 443 letum
675 417 811 444 causas
843 407 936 444 satis
968 406 1030 445 illa
1062 405 1232 445 valentes

79 469 143 501 175
164 462 279 514 Plaga
312 463 447 502 dedit:
479 463 675 514 trepidum
709 464 876 503 Perseus
910 470 949 503 et
979 465 1142 503 inermia
1174 465 1318 503 frustra

165 520 348 560 Bracchia
382 521 609 561 tendentem
643 521 839 573 Cyllenide
872 523 1046 562 confodit
1077 522 1220 574 harpe.

164 579 307 619 Verum
339 579 407 619 ubi
438 582 622 620 virtutem
655 580 792 619 turbae
825 581 1081 620 succumbere
1115 581 1231 633 vidit,

164 636 374 677 ‘Auxilium
394 635 420 691 ,⁹
451 638 621 678 Perseus
654 635 852 690 ‘quoniam
885 641 940 678 sic
973 641 1110 690 cogitis
1142 637 1255 691 ipsi‚'
1282 647 1384 673 1-liv-

168 695 273 736 Dixit
304 694 365 736 ‘ab
398 696 510 736 hoste
542 704 700 749 petam.
738 698 868 737 vultus
900 699 1059 737 avertite
1093 704 1269 750 vestros,

79 762 145 796 180
166 754 298 807 Siquis
330 757 478 795 amicus
510 756 620 795 adest
633 753 657 795 !’
691 763 730 795 et
761 756 953 808 Gorgonis
980 756 1118 796 extulit
1149 769 1237 795 ora.

164 811 333 860 ‘Quaere
365 814 481 854 alium
500 847 511 867 ,
543 822 608 854 tua
641 826 756 865 quem
789 821 968 854 moveant
999 812 1199 854 miracula'
1232 815 1325 854 dixit

162 872 406 925 Thescelus;
437 880 558 924 utque
592 885 706 913 manu
741 874 909 912 iaculum
929 873 1054 916 „fatale
1086 873 1246 925 parabat

162 930 348 984 Mittere,
378 934 417 970 in
451 932 524 971 hoc
555 931 681 971 haesit
711 934 864 983 signum
897 932 944 970 de
978 944 1170 971 marmore
1203 938 1337 983 gestu.

164 989 371 1029 Proximus
403 990 494 1029 huic
525 991 673 1041 Ampyx
707 992 822 1029 animi
856 990 1080 1042 plenissima
1111 993 1241 1041 magni

78 1055 143 1087 185
165 1048 329 1087 Pectora
361 1048 553 1100 Lyncidae
585 1049 711 1100 gladio
743 1051 870 1101 petit3
902 1050 1020 1100 inque
1053 1049 1221 1100 petendo

163 1105 329 1146 Dextera
361 1107 551 1160 diriguit,
583 1119 656 1147 nec
689 1109 785 1146 citra
817 1114 919 1146 mota
952 1119 1025 1146 nec
1056 1107 1179 1146 ultra.

163 1166 212 1204 At
242 1164 378 1205 Nileus
397 1198 407 1218 ,
439 1167 507 1216 qui
539 1178 581 1205 se
613 1167 788 1217 genitum
822 1165 1074 1217 septemplice
1106 1165 1192 1204 Nilo

163 1222 386 1264 Ementitus
418 1231 532 1276 erat,
565 1224 688 1276 clipeo
722 1236 877 1275 quoque
910 1224 1069 1263 flumina
1101 1229 1250 1276 septem

163 1283 334 1334 Argento
366 1284 506 1334 partim
526 1315 536 1335 ,
569 1284 709 1334 partim
742 1283 957 1322 caelaverat
987 1294 1106 1335 auro,

77 1348 143 1381 190
163 1338 317 1393 ‘Aspice
337 1338 363 1392 ,³
396 1343 449 1381 ait
480 1338 643 1380 ‘Persen
663 1373 673 1392 ,
706 1347 861 1381 nostrae
893 1341 1106 1392 primordia
1137 1342 1287 1392 gentis:

163 1399 299 1452 Magna
331 1400 435 1439 feres
467 1402 603 1439 tacitas
635 1400 776 1439 solacia
808 1401 946 1439 mortis
979 1399 1025 1439 ad
1057 1398 1240 1450 umbras,

163 1459 195 1497 A
227 1464 333 1497 tanto
366 1458 554 1498 cecidisse
586 1456 685 1498 viro'
718 1480 772 1486 —
805 1471 895 1510 pars
928 1457 1062 1497 ultima
1092 1459 1198 1496 vocis

163 1517 206 1556 In
239 1516 366 1556 medio
398 1529 609 1569 suppressa
641 1529 737 1557 sono
769 1524 858 1569 est,
890 1516 1151 1568 adapertaque
1183 1515 1281 1555 velle

166 1575 244 1615 Ora
274 1575 382 1627 loqui
409 1576 546 1615 credas
565 1607 576 1628 ,
608 1588 682 1615 nec
713 1582 806 1616 sunt
837 1587 881 1615 ea
912 1576 1045 1627 pervia
1076 1573 1229 1613 verbis.

80 1641 145 1673 195
165 1634 347 1686 Increpat
377 1634 448 1674 hos
482 1631 605 1674 ‘vitio'
638 1647 713 1686 que
747 1632 880 1673 ‘animi
899 1665 910 1686 ‚
943 1646 1021 1673 non
1058 1629 1222 1672 viribus'
1259 1633 1386 1683 inquit

166 1690 399 1744 ‘Gorgoneis
431 1695 597 1745 torpetis
618 1690 642 1745 ς’
675 1692 778 1744 Eryx
812 1690 1019 1732 ‘incurrite
1051 1703 1205 1731 mecum

163 1750 213 1790 Et
232 1753 471 1803 prosternite
492 1752 600 1791 humi
621 1753 801 1791 iuvenem
821 1752 967 1802 magica
995 1762 1100 1789 arma
1126 1755 1347 1789 moventem
1361 1746 1385 1788 l’

165 1810 402 1850 Incursurus
435 1817 547 1850 erat:
579 1812 706 1850 tenuit
736 1811 898 1861 vestigia
930 1809 1070 1860 tellus,

165 1868 420 1920 inmotusque
453 1869 548 1908 silex
581 1874 805 1920 armataque
837 1869 979 1907 mansit
1008 1869 1157 1918 imago.

77 1935 145 1967 200
165 1926 214 1966 Hi
245 1933 374 1967 tamen
401 1940 449 1967 ex
481 1928 620 1967 merito
652 1939 798 1980 poenas
831 1926 1016 1966 subiere.
1055 1926 1122 1965 sed
1156 1937 1258 1965 unus

164 1985 275 2025 Miles
306 1992 391 2025 erat
421 1985 586 2039 Persei,
616 1998 688 2038 pro
726 1998 803 2037 quo
836 1985 928 2024 dum
960 1990 1108 2036 pugnat
1107 2016 1136 2045 e,
1167 1984 1386 2035 Aconteus,

166 2043 346 2095 Gorgone
379 2051 587 2096 conspecta
619 2057 711 2085 saxo
743 2045 943 2084 concrevit
973 2042 1135 2082 oborto'.

166 2103 291 2148 Quem
323 2108 431 2142 ratus
463 2104 647 2155 Astyages
680 2104 893 2142 etiamnum
924 2103 1083 2155 vivere,
1115 2101 1228 2152 longo

165 2160 268 2200 Ense
301 2161 419 2200 serit.
458 2163 591 2201 sonuit
622 2161 830 2200 tinnitibus
862 2161 968 2200 ensis
999 2161 1146 2200 acutis.

76 2227 144 2259 205
165 2219 265 2259 Dum
296 2226 429 2272 stupet
459 2220 643 2272 Astyages
662 2251 673 2272 ,
699 2225 877 2259 naturam
908 2220 1026 2259 traxit
1056 2218 1240 2269 eandem,

165 2278 462 2330 Marmoreoque
495 2284 626 2318 manet
655 2278 785 2318 vultus
817 2279 996 2318 mirantis
1026 2279 1067 2317 in
1099 2289 1190 2316 ore.

166 2336 330 2376 Nomina
355 2337 468 2390 longa
501 2349 609 2377 mora
641 2343 701 2377 est
732 2337 857 2377 media
890 2337 937 2376 de
969 2335 1081 2389 plebe
1115 2337 1287 2374 virorum
