1554 2506
155 96 175 136 1
184 95 236 137 ’ΖΟ
354 107 593 131 carmem-nox
704 93 919 128 ΜΕΤΑΜΜ
932 120 941 128 .

268 203 469 244 Interdum
487 235 498 257 ‚
530 204 669 243 faciem
700 203 935 254 liquidarum
965 204 1141 243 imitatus
1173 215 1386 257 aquarum,

268 263 431 302 Flumen
465 274 550 301 eras
569 294 579 314 ‚
611 261 811 313 interdum
843 261 958 301 undis
990 263 1212 302 contrarius
1242 264 1365 314 ignis.

269 322 349 361 Nec
381 323 512 360 minus
544 320 721 371 Autolyci
754 321 923 360 coniunx
942 352 953 373 ,
984 320 1271 372 Erysichthone
1304 327 1415 374 nata,

269 378 548 419 luris1hahet.
587 384 698 430 pater
730 378 847 418 huius
880 385 992 432 erat,
1024 380 1091 430 qui
1124 381 1283 418 numina
1314 379 1445 418 divum

184 447 249 478 740
270 438 488 535 {sperneret
519 443 559 476 et
590 437 717 476 nullos
749 439 826 476 aris
859 437 1034 476 adoleret
1063 437 1257 477 honores.

298 495 334 535 le
367 497 483 535 etiam
517 495 675 535 Cereale
708 508 846 535 nemus
878 496 1041 535 violasse
1075 498 1206 535 securi

268 555 418 593 Dicitur
445 560 484 593 et
515 554 625 593 lucos
657 555 762 594 ferro
795 560 1007 594 temerasse
1039 560 1239 594 vetustos.

268 612 402 652 Stabat
433 615 473 652 in
505 612 566 652 his
597 614 735 664 ingens
768 625 914 653 annoso
946 612 1090 652 robore
1123 625 1317 666 quercus,

267 672 351 710 Una
383 683 522 711 nemus
543 703 552 711 .
589 673 707 711 vittae
739 671 907 711 mediam
938 683 1214 723 memoresque
1245 670 1409 711 tabellae

181 738 246 769 745
268 730 460 782 Sertaque
494 730 730 783 cingebant,
761 732 840 769 voti
872 736 1100 782 argumenta
1130 732 1322 782 potentis.

267 789 391 841 Saepe
423 788 496 828 sub
528 789 600 828 hac
632 788 796 840 dryades
828 789 949 828 festas
981 788 1128 828 duxere
1161 788 1346 828 choreas:

267 848 391 899 Saepe
424 849 541 887 etiam
573 847 753 887 manibus
785 849 896 886 nexis
928 859 975 886 ex
1007 847 1144 887 ordine
1176 849 1309 887 trunci

267 906 468 945 Circuiere
500 906 691 959 modum,
723 918 987 958 mensuraque
1019 905 1174 945 roboris
1204 905 1317 946 ulnas

268 965 451 1016 Quinque
483 970 544 1004 ter
575 964 789 1017 implebat.
828 977 901 1005 nec
932 977 1011 1004 non
1045 970 1084 1004 et
1115 970 1247 1004 cetera
1277 970 1387 1004 tanto

180 1032 246 1063 750
268 1023 371 1062 Silva
403 1022 475 1062 sub
508 1023 609 1077 hac,
641 1023 735 1062 silva
768 1029 913 1074 quanto
945 1024 1020 1062 suit
1050 1023 1172 1062 herba
1203 1022 1277 1063 sub
1310 1023 1438 1062 omni.

266 1082 351 1121 Non
384 1088 513 1121 tamen
545 1082 695 1121 idcirco
728 1082 879 1121 ferrum
911 1081 1119 1133 Triopeius
1149 1081 1214 1121 illa

266 1140 493 1192 Abstinuit,
524 1140 769 1191 famulosque
801 1140 912 1179 iubet
943 1140 1146 1179 succidere
1179 1151 1335 1180 sacrum

266 1199 431 1239 Robur:
464 1204 503 1237 et
533 1204 578 1238 ut
608 1200 737 1238 iussos
770 1200 948 1238 cunctari
973 1198 1098 1251 vidit,
1130 1197 1177 1237 ab
1208 1211 1288 1238 uno

265 1257 396 1296 Edidit
428 1257 524 1296 haec
556 1263 666 1309 rapta
699 1257 913 1297 sceleratus
945 1257 1063 1296 verba
1095 1259 1248 1297 securi:

180 1324 246 1356 755
269 1313 385 1355 “Non
418 1316 558 1355 dilecta
590 1316 684 1355 deae
717 1316 873 1369 solum,
905 1315 973 1355 sed
1006 1321 1045 1355 et
1074 1317 1159 1367 ipsa
1189 1315 1325 1356 licebit

267 1374 326 1414 Sit
358 1374 428 1414 dea
446 1406 457 1427 ,
488 1376 565 1414 iam
598 1380 730 1426 tanget
760 1374 968 1414 frondente
1001 1367 1202 1414 cacumine
1233 1379 1380 1414 terram
1394 1370 1435 1414 .'’

267 1433 399 1485 Dixit,
432 1438 472 1472 et
502 1433 682 1484 obliquos
713 1433 806 1472 dum
838 1433 960 1473 telum
991 1433 1108 1473 librat
1137 1434 1179 1473 in
1209 1434 1334 1487 ictus,

267 1491 514 1531 Contremuit
545 1493 813 1544 gemitumque
845 1491 953 1531 dedit
983 1491 1102 1531 Deoia
1134 1503 1329 1543 quercus:

266 1549 316 1589 Et
346 1552 497 1602 pariter
529 1550 688 1590 frondes
707 1582 718 1604 7
749 1552 898 1602 pariter
928 1550 1142 1602 pallescere
1174 1549 1335 1602 glandes

179 1617 246 1648 760
267 1608 441 1660 Coepere
473 1621 518 1648 ac
549 1609 655 1660 longi
686 1609 874 1660 pallorem
906 1608 1051 1648 ducere
1083 1610 1203 1648 rami.

268 1667 389 1707 Cuius
422 1673 467 1707 ut
497 1669 535 1706 in
569 1673 710 1707 trunco
743 1668 837 1706 fecit
867 1679 1005 1707 manus
1036 1669 1155 1719 impia
1186 1667 1353 1720 vulnus,

268 1726 379 1765 Haud
412 1726 525 1765 aliter
557 1726 669 1766 fluxit
701 1726 879 1765 discusso
911 1727 1059 1765 cortice
1091 1727 1273 1780 sanguis,

268 1784 393 1830 Quam
426 1784 554 1837 solet,
586 1790 675 1824 ante
708 1797 795 1824 aras
825 1786 964 1836 ingens
996 1783 1065 1824 ubi
1095 1786 1252 1824 victima
1283 1790 1421 1824 taurus

268 1843 475 1896 Concidit,
507 1843 672 1895 abrupta
703 1855 822 1883 cruor
853 1855 875 1882 e
907 1844 1059 1882 cervice
1090 1843 1299 1895 profundi.

181 1910 245 1940 765
267 1901 503 1954 Obstipuere
535 1914 701 1942 omnes:
733 1902 952 1953 aliquisque
984 1901 1246 1942 «amnibus
1278 1901 1396 1941 audet

267 1960 476 2000 Deterrere
507 1962 617 2000 nefas
636 1992 647 2013 ‚
678 1972 909 2012 saevamque
940 1959 1120 1999 inhibere
1151 1960 1384 2012 bipennem.

267 2020 416 2071 Aspicit
439 2019 545 2059 hunc
563 2051 575 2073 ‚
606 2016 795 2058 “mentis'
817 2031 894 2070 que
914 2015 1015 2070 ‘piae
1036 2031 1131 2071 cape
1149 2021 1323 2071 praemia
1336 2015 1378 2059 !''
1398 2018 1495 2059 dixit

267 2077 477 2117 Thessalus
496 2110 508 2131 ,
538 2080 658 2129 inque
690 2079 817 2117 virum
849 2079 1044 2116 convertit
1074 2077 1121 2117 ab
1153 2077 1293 2117 arbore
1319 2078 1494 2130 ferrum,

266 2135 560 2188 Detruncatque
593 2142 740 2189 caput3
771 2137 1018 2188 repetitaque
1050 2135 1194 2175 robora
1225 2136 1375 2189 caedit,

179 2203 247 2235 770
266 2194 456 2235 Redditus
489 2208 510 2234 e
541 2194 670 2235 medio
703 2207 824 2234 sonus
856 2199 917 2234 est
948 2207 1038 2234 cum
1069 2194 1213 2234 robore
1243 2194 1358 2235 talis:

267 2251 474 2305 “Nympha
505 2253 578 2292 sub
610 2254 685 2293 hoc
717 2266 789 2305 ego
820 2265 908 2293 sum
940 2252 1075 2292 Cereri
1115 2254 1336 2305 gratissima
1365 2253 1494 2307 ligno,

268 2312 375 2358 Quae
406 2310 478 2351 tibi
510 2312 702 2351 factorum
734 2324 880 2364 poenas
911 2313 1058 2351 instare
1090 2317 1250 2352 tuorum
