1538 2496
108 76 194 119 200
319 87 538 112 mmmmm
659 73 873 110 METAMM
887 101 895 109 .

140 195 205 226 145
225 186 277 226 Ut
307 186 401 225 satis
432 184 606 237 inpulsas
638 185 842 235 temptavit
871 183 1011 237 pollice
1043 184 1208 226 chordas

225 244 275 284 Et
307 246 430 284 sensit
462 245 587 282 varios
604 274 616 296 ‚
649 243 824 294 quamvis
857 242 1009 283 diversa
1040 251 1249 298 sonarent,

227 303 473 343 Concordare
505 300 640 340 modos
659 332 671 353 ,
702 301 777 340 hoc
808 313 944 341 vocem
976 304 1147 342 carmine
1179 305 1321 344 movit:

226 359 298 401 ‘Ab
330 361 418 400 Iove
437 392 449 412 ,
480 359 589 399 Musa
620 371 762 411 parens
781 391 793 414 ‚
824 382 879 389 —-
912 360 1057 401 cedunt
1088 361 1188 401 Iovis
1220 363 1349 402 omnia

1238 433 1360 473 regno
1393 443 1447 450 —

225 478 404 519 Carmina
436 482 570 517 nostra
601 489 740 518 move.
779 477 880 518 lovis
912 484 972 518 est
1002 478 1098 518 mihi
1129 491 1244 532 saepe
1276 485 1448 532 potestas

139 546 204 578 150
224 537 334 577 Dicta
365 538 506 589 prius:
539 538 666 576 cecini
696 536 847 590 plectro
880 539 1058 589 graviore
1091 537 1273 590 Gigantas

225 596 445 648 Sparsaque
477 595 702 647 Phlegraeis
733 597 909 636 victricia
940 596 1102 636 fulmina
1135 598 1305 649 campis:

223 655 336 694 Nunc
368 666 467 707 opus
499 660 560 693 est
589 654 734 694 leviore
766 655 848 707 lyra
866 687 877 708 ‚
908 668 1133 707 puerosque
1166 668 1350 696 canamus

222 713 394 753 Dilectos
425 714 610 766 superis,
642 715 963 765 inconcessisque
994 714 1144 766 puellas

222 771 382 824 Ignibus
415 773 599 812 attonitas
631 774 824 812 meruisse
856 772 1016 812 libidine
1048 785 1243 824 poenam.

137 839 201 871 155
282 830 365 870 Rex
403 842 592 883 superum
623 830 782 883 Phrygii
819 832 1016 882 quondam
1048 831 1281 884 Ganymedis
1319 844 1449 873 amore

221 890 356 942 Arsit3
388 895 428 928 et
458 891 661 929 inventum
694 895 755 929 est
791 889 966 942 aliquid,
998 890 1103 942 quod
1134 890 1310 943 Iuppiter
1343 904 1451 945 esse,

223 949 347 995 Quam
368 948 473 999 quod
493 954 600 1001 erat,
619 948 773 988 mallet.
800 949 906 988 nulla
924 955 1055 988 tamen
1076 949 1165 988 alite
1185 952 1286 990 verti
1310 959 1336 985 1.
1351 959 1447 987 ulix-

222 1007 412 1059 Dignatur
431 1038 442 1060 ‚
474 1008 551 1046 nisi
582 1019 681 1058 quae
713 1013 848 1059 posset
879 1019 949 1047 sua
981 1007 1144 1047 fulmina
1174 1008 1302 1049 ferre.

222 1066 303 1105 Nec
335 1077 473 1118 mora,
504 1077 694 1117 percusso
726 1066 980 1106 mendacibus
1012 1070 1102 1106 aere
1133 1069 1273 1118 pennis

136 1133 203 1164 160
223 1124 377 1176 Abripit
408 1123 583 1177 [liaden3
616 1126 683 1175 qui
714 1137 820 1164 nunc
853 1136 1009 1176 quoque
1040 1125 1182 1177 pocula
1212 1128 1374 1180 miscet,

222 1182 424 1234 Invitaque
457 1182 538 1221 Iovi
569 1188 706 1222 nectar
737 1183 886 1223 Iunone
919 1184 1137 1223 ministrat.

281 1241 336 1280 Te
370 1252 526 1292 quoque
546 1272 557 1293 ,
590 1240 811 1293 Amyclaide
830 1274 841 1294 ‚
872 1243 1071 1294 posuisset
1101 1244 1142 1281 in
1174 1243 1332 1283 aethere

1245 1302 1450 1358 Phoebus,

222 1359 367 1399 Tristia
399 1360 432 1398 si
464 1360 634 1410 spatium
665 1359 837 1411 ponendi
869 1360 946 1399 fata
978 1360 1200 1401 dedissent.

223 1418 309 1465 Qua
339 1418 432 1457 licet
449 1449 461 1470 ,
493 1423 678 1457 aeternus
710 1423 842 1457 tamen
875 1430 946 1458 es:
979 1421 1241 1471 quotiensque
1273 1421 1428 1472 repellit

139 1485 204 1516 165
224 1476 300 1517 Ver
332 1476 502 1515 hiemem
521 1507 533 1529 ‚
563 1475 747 1527 Piscique
779 1476 891 1515 Aries
924 1478 1101 1517 succedit
1132 1490 1304 1532 aquoso,

221 1534 282 1575 Tu
315 1536 460 1574 totiens
493 1536 648 1587 oreris,
679 1534 872 1586 viridique
904 1536 945 1574 in
977 1538 1148 1588 caespite
1179 1537 1321 1578 flores,

222 1593 277 1633 Te
310 1605 422 1632 meus
454 1598 544 1632 ante
577 1605 713 1632 omnes
744 1595 899 1644 genitor
930 1593 1094 1647 dilexit,
1126 1600 1166 1634 et
1196 1595 1291 1635 orbe

222 1652 267 1691 In
299 1651 428 1691 medio
460 1653 579 1703 positi
611 1658 825 1691 caruerunt
855 1653 1035 1704 praeside
1068 1652 1230 1707 Delphi,

222 1710 323 1750 Dum
355 1710 452 1750 deus
483 1709 661 1749 Eurotan
692 1711 1005 1762 inmunitamque
1038 1712 1265 1763 frequentat

136 1778 202 1808 170
224 1769 420 1821 Sparten.
459 1781 533 1808 nec
565 1768 737 1808 citharae
768 1781 842 1808 nec
874 1776 967 1809 sunt
1003 1771 1044 1809 in
1082 1770 1230 1810 honore
1264 1773 1450 1824 sagittae:
1491 1793 1494 1794 ⁷

222 1828 419 1867 Inmemor
450 1828 535 1879 ipse
568 1829 630 1866 sui
661 1839 740 1866 non
773 1829 872 1867 retia
904 1829 1008 1867 ferre
1041 1823 1221 1883 rfflsass

222 1885 309 1925 Non
340 1887 516 1925 tenuisse
549 1898 665 1925 canes
683 1918 695 1939 ‚
727 1898 805 1925 non
831 1898 903 1938 per
934 1888 1023 1938 iuga
1055 1889 1200 1927 montis
1231 1889 1356 1940 iniqui

223 1943 303 1983 Isse
336 1956 497 1997 comes3
528 1944 721 1996 longaque
754 1945 821 1984 alit
852 1945 1104 1985 assuetudine
1136 1946 1332 1987 flammas.

223 2002 381 2053 Iamque
413 2003 497 2042 fere
529 2003 684 2042 medius
716 2003 831 2042 Titan
863 2005 1057 2044 venientis
1089 2010 1129 2044 et
1160 2010 1268 2045 actae

139 2068 204 2100 175
226 2060 360 2099 Noctis
393 2066 505 2113 erat,
538 2063 743 2113 spatioque
775 2063 861 2114 pari
893 2062 1061 2102 distabat
1091 2065 1315 2115 utrimque:

225 2119 400 2170 Corpora
430 2125 539 2158 veste
572 2120 729 2173 levant,
761 2126 801 2159 et
833 2132 928 2160 suco
959 2123 1116 2173 pinguis
1149 2122 1239 2161 olivi

225 2177 514 2229 Splendescunt
531 2209 543 2230 ‚
574 2178 720 2229 latique
752 2180 891 2218 ineunt
923 2181 1137 2219 certamina
1167 2180 1289 2221 disci.

226 2235 352 2281 Quem
382 2237 494 2287 prius
526 2237 651 2275 aerias
683 2236 869 2277 libratum
899 2237 1084 2278 Phoebus
1114 2241 1156 2278 in
1187 2251 1302 2279 auras

224 2294 357 2346 Misit,
390 2299 429 2332 et
460 2295 659 2346 oppositas
691 2295 846 2336 disiecit
875 2297 1051 2348 pondere
1082 2296 1231 2338 nubes.
