1538 2496
102 124 187 166 304
336 134 492 158 nomos
650 117 863 154 METAMM
879 147 885 153 .

134 243 200 274 790
222 233 299 273 Ora
330 232 498 284 patentis
531 234 642 268 erant
660 259 671 281 7
703 239 830 278 neque
863 229 938 266 iter
969 227 1236 278 praecluserat
1267 227 1396 268 unda.

219 290 364 330 Lurida
396 288 625 340 subponunt
658 287 825 325 fecundo
859 285 1019 336 sulpura
1051 286 1171 338 fonti,

219 348 516 397 Incenduntque
550 358 660 385 cavas
694 346 867 384 fumante
899 344 1090 383 bitumine
1122 357 1262 384 venas.

219 407 374 447 Viribus
406 406 466 444 his
498 405 660 455 aliisque
692 415 811 455 vapor
841 404 1061 455 penetravit
1093 403 1139 442 ad
1170 405 1248 442 ima

217 467 380 516 Fontis;
412 469 452 503 et
481 462 619 514 Alpino
652 463 766 501 modo
801 474 898 513 quae
931 466 1082 501 certare
1113 463 1236 513 rigori
1332 469 1438 497 Leon.

132 534 197 566 795
219 523 429 563 Audebatis
462 534 584 573 aquae
603 553 614 574 ‚
646 533 724 560 non
758 521 895 560 ceditis
927 519 1084 571 ignibus
1110 522 1230 572 ipsis.

221 581 466 621 Flammifera
497 581 642 632 gemini
673 580 824 619 fumant
856 581 1061 631 aspergine
1093 584 1249 630 postes:

219 641 446 692 portaque,
478 641 718 690 nequiquam
750 638 885 689 rigidis
917 639 1109 689 prom-issa
1142 637 1319 690 Sabinis7

219 700 341 738 Fonte
375 699 450 737 fuit
480 703 726 749 praestructa
757 709 887 750 novo,
919 696 1013 735 dum
1044 695 1206 736 Martius
1238 709 1342 735 arma

218 758 404 797 indueret
436 756 577 796 miles.
616 768 714 807 quae
746 760 954 807 postquam
986 753 1177 794 Romulus
1209 755 1314 794 ultro

132 826 198 858 800
220 816 399 868 Obtulit,
432 821 471 854 et
502 820 624 854 strata
656 819 716 854 est
748 813 863 853 tellus
895 813 1068 852 Romana
1101 813 1256 852 Sabinis

219 874 487 927 Corporibus,
519 879 640 913 strata
671 878 809 924 estque
842 874 923 912 suis
943 904 953 924 ,
985 873 1198 924 generique
1231 883 1414 911 cruorem

220 934 415 985 Sanguine
449 944 538 972 cum
570 934 698 971 soceri
728 932 960 983 permiscuit
991 932 1134 982 impius
1167 931 1295 983 ensis,

218 993 318 1031 Pace
350 998 480 1031 tamen
512 993 598 1030 sisti
630 990 775 1029 bellum
807 1002 879 1029 nec
911 991 952 1028 in
984 989 1120 1028 ultima
1152 990 1257 1028 ferro

219 1051 429 1090 Decertare
460 1049 622 1102 placet,
655 1049 888 1099 Tatiumque
921 1047 1108 1087 accedere
1141 1059 1285 1099 regno.

132 1118 199 1150 805
280 1108 486 1148 Occiderat
517 1108 681 1160 Tatius,
712 1107 946 1158 populisque
979 1112 1141 1157 aequata
1173 1105 1348 1158 duobus,

220 1167 383 1206 Romule
402 1198 413 1219 ‚
446 1168 531 1205 iura
561 1166 711 1205 dabas:
742 1167 869 1216 posita
902 1177 991 1204 cum
1024 1164 1173 1204 casside
1206 1164 1357 1203 Mavors

220 1226 379 1264 Talibus
411 1226 550 1264 affatur
576 1224 786 1275 divumque
819 1224 1100 1274 hominumque
1132 1228 1356 1275 parentem:

221 1282 408 1335 eTempus
440 1284 577 1336 adest,
610 1284 792 1336 genitor,
825 1284 1009 1334 quoniam
1048 1282 1272 1321 fundamine
1305 1293 1442 1333 magno

220 1343 297 1382 Res
329 1343 501 1381 Romana
532 1342 661 1394 valet,
693 1353 766 1380 nec
797 1341 976 1392 praeside
1009 1341 1154 1392 pendet
1185 1340 1232 1379 ab
1265 1352 1367 1393 uno,

135 1410 202 1442 810
222 1402 399 1440 Praemia
431 1413 529 1452 quae
561 1401 753 1451 promissa
784 1400 879 1438 mihi
912 1400 1108 1451 dignoque
1140 1400 1298 1452 nepoti,

223 1460 412 1512 Solvere,
445 1465 484 1498 et
516 1458 685 1498 ablatum
717 1460 834 1497 terris
867 1460 1056 1510 inponere
1090 1457 1220 1497 caelo.

222 1519 278 1557 Tu
313 1518 408 1557 mihi
439 1518 603 1557 concilio
631 1517 826 1568 quondam
857 1522 1064 1568 praesente
1097 1516 1261 1555 deorum
1293 1538 1348 1544 ——

221 1577 318 1615 Nam
350 1588 523 1615 memoro
556 1577 798 1626 memorique
832 1577 958 1613 animo
990 1576 1053 1626 pia
1085 1574 1203 1613 verba
1234 1576 1363 1614 notavi
1391 1596 1443 1602 --

223 1633 363 1674 “Unus
395 1636 499 1688 erit,
532 1646 649 1685 quem
681 1639 724 1673 tu
755 1633 868 1672 tolles
900 1635 940 1672 in
973 1633 1127 1672 caerula
1160 1630 1286 1672 caeli'’

136 1702 203 1735 815
224 1694 391 1732 Dixisti.
430 1699 513 1732 rata
546 1694 596 1732 sit
627 1692 839 1731 verborum
871 1704 1022 1731 summa
1057 1698 1214 1730 tuorum
1228 1688 1252 1730 .'

223 1753 370 1791 Annuit
401 1753 650 1803 omnipotens
669 1783 680 1803 ,
713 1757 752 1790 et
778 1750 958 1790 nubibus
990 1754 1078 1790 aera
1112 1751 1237 1789 caecis

225 1810 407 1850 Occuluit
425 1842 435 1863 ,
468 1812 696 1861 tonitruque
729 1816 768 1849 et
802 1810 956 1861 fulgure
989 1810 1132 1848 tffiuit
1163 1808 1321 1848 orbem.

226 1870 331 1915 Quae
365 1869 438 1908 sibi
468 1870 683 1920 promissae
717 1870 840 1907 sensit
871 1874 953 1907 rata
986 1870 1094 1919 signa
1125 1869 1308 1920 rapinae,

226 1929 464 1979 Innixusque
497 1927 629 1966 hastae
662 1939 820 1978 pressos
848 1932 1003 1966 temone
1037 1932 1201 1965 cruento

139 1993 208 2026 820
228 1986 431 2037 inpavidos
465 1986 694 2025 conscendit
726 1997 848 2037 equos
880 1985 1070 2024 Gradivus
1090 2017 1100 2037 ,
1133 1990 1172 2024 et
1201 1985 1284 2024 ictu

227 2044 408 2083 Verberis
440 2046 666 2096 increpuit,
698 2056 925 2095 pronusque
958 2055 1029 2095 per
1061 2047 1151 2083 aera
1183 2042 1315 2095 lapsus

227 2102 410 2141 Constitit
441 2105 481 2141 in
514 2115 665 2142 summo
699 2104 896 2142 nemorosi
928 2102 1024 2141 colle
1057 2101 1202 2141 Palati:
1532 2107 1533 2111 ’

227 2161 548 2212 Reddentemque
582 2173 652 2201 suo
685 2163 761 2200 iam
793 2163 900 2212 regia
931 2162 1017 2200 iura
1050 2161 1194 2207 Quiriti
1528 2058 1538 2249 l

228 2218 397 2258 Abstulit
428 2219 602 2259 Iliaden.
642 2232 785 2272 corpus
817 2219 980 2259 mortale
1011 2231 1083 2271 per
1115 2231 1230 2259 auras
1258 2238 1261 2239 ⁷
1323 2225 1444 2254 teoni.
1529 2254 1538 2368 l

141 2285 208 2318 825
230 2277 429 2328 Dilapsum
461 2283 601 2317 tenues
620 2310 630 2330 ‚
663 2284 707 2318 ut
737 2279 813 2318 lata
843 2278 1025 2330 plumbea
1056 2278 1176 2318 funda

228 2336 344 2374 Missa
377 2335 475 2375 solet
506 2336 633 2375 medio
666 2337 775 2388 glans
806 2337 1050 2376 intabescere
1083 2336 1210 2376 caelo.
