1527 2580
553 112 605 146 111
624 140 631 155 ,
657 115 841 146 654—727
858 139 865 145 .
1007 125 1181 148 murum·
1324 114 1378 154 65

161 222 317 260 Accessi
348 222 469 260 sacris
501 219 752 272 Baccheaque
785 233 893 260 sacra
926 219 1171 272 frequento.³

162 277 434 319 ‘Praebuimus
466 276 606 330 longis’
639 279 838 319 Pentheus
871 276 1113 330 ‘ambagibus
1145 292 1258 319 aures
1273 279 1298 332 ,⁹

160 338 292 389 lnquit
324 335 385 377 ‘ut
415 339 471 376 ira
504 349 611 376 mora
643 339 745 376 vires
777 337 982 377 absumere
1015 344 1169 389 posset.

161 396 420 448 Praecipitem
453 395 585 434 famuli
617 397 740 447 rapite
774 396 877 435 hunc
897 428 907 448 ‚
940 397 1189 448 cruciataque
1216 397 1309 436 diris

74 463 142 495 ⁶95
165 454 337 506 Corpora
370 455 575 493 tormentis
603 454 756 505 Stygiae
790 454 982 494 demittite
1014 457 1119 494 nocti
1136 451 1159 493 .’

161 513 346 552 Protinus
379 511 599 552 abstractus
631 512 764 551 solidis
795 513 1023 564 Tyrrhenus
1054 513 1218 553 Acoetes

161 571 364 610 Clauditur
395 572 435 610 in
468 572 611 610 tectis:
643 577 683 610 et
714 571 805 609 dum
839 571 1011 610 crudelia
1042 573 1169 610 iussae

161 630 424 669 lnstrumenta
458 631 566 668 necis
598 630 824 680 ferrumque
857 631 1044 681 ignesque
1077 636 1282 681 parantur,

163 688 309 740 Sponte
342 699 412 727 sua
443 689 616 739 patuisse
650 688 754 726 sores
773 720 784 740 ,
810 687 1013 739 lapsasque
1047 687 1202 728 lacertis

75 755 141 786 700
162 746 310 798 Sponte
342 758 411 785 sua
445 747 542 785 sama
575 752 635 785 est
666 746 772 785 nullo
799 746 971 785 solvente
1005 753 1183 786 catenas.

219 804 374 844 Perstat
399 803 634 844 Echionides
655 835 664 844 .
708 817 781 843 nec
812 806 887 843 iam
913 804 1022 843 iubet
1052 806 1110 844 ire
1129 837 1140 857 ,
1172 806 1238 845 sed
1271 808 1351 857 ipse

161 862 295 915 Vadit,
327 862 393 902 ubi
427 863 575 902 electus
608 862 782 902 facienda
815 863 860 901 ad
888 875 997 902 sacra
1029 862 1237 903 Cithaeron

164 921 352 960 Cantibus
384 927 423 960 et
455 921 556 960 clara
588 921 847 960 bacchantum
879 933 972 960 voce
1006 921 1189 961 sonabat.

161 979 211 1019 Ut
242 980 374 1018 fremit
405 991 494 1018 acer
526 992 681 1032 equus,
713 992 802 1018 cum
834 978 997 1018 bellicus
1022 991 1111 1018 aere
1145 992 1286 1019 canoro

76 1046 141 1077 705
164 1038 281 1089 Signa
314 1037 420 1077 dedit
451 1037 609 1077 tubicen
629 1070 640 1090 ‚
671 1050 902 1089 pugnaeque
936 1039 1099 1077 assumit
1130 1051 1325 1080 amorem.

161 1096 332 1135 Penthea
365 1098 421 1136 sic
452 1097 554 1135 ictus
585 1096 709 1147 longis
740 1096 953 1136 ululatibus
984 1096 1119 1135 aether

165 1155 282 1193 Movit
300 1186 311 1207 ‚
343 1161 382 1193 et
413 1155 544 1193 audito
577 1154 745 1193 clamore
777 1154 982 1194 recanduit
1011 1156 1091 1194 ira.

163 1213 293 1252 Monte
326 1213 408 1252 sere
441 1213 569 1251 medio
601 1219 690 1265 est,
721 1212 968 1264 cingentibus
1000 1212 1134 1252 ultima
1167 1214 1294 1257 silvis,

163 1272 290 1310 Purus
322 1270 369 1310 ab
402 1270 608 1310 arboribus
639 1270 863 1323 spectabilis
894 1271 1067 1322 undique
1100 1283 1277 1324 campus.

76 1339 142 1370 710
163 1329 235 1368 llic
266 1329 390 1369 oculis
421 1329 529 1368 illurn
563 1335 790 1368 cernentem
822 1341 932 1368 sacra
963 1329 1137 1381 profanis

164 1388 292 1427 Prima
324 1387 458 1441 videt,
489 1389 613 1439 prima
645 1393 705 1427 est
735 1389 871 1426 insano
904 1389 1056 1427 concita
1088 1400 1231 1439 cursu,

163 1447 291 1485 Prima
324 1459 438 1485 suum
470 1448 589 1485 misso
620 1445 775 1484 violavit
800 1445 972 1484 Penthea
1004 1445 1138 1498 thyrso

163 1504 313 1544 Mater.
353 1501 404 1544 ‘io
424 1536 436 1557 ,
467 1501 659 1556 geminae'
692 1504 869 1543 clamavit
901 1501 1049 1543 ‘adeste
1081 1504 1261 1544 sorores!

163 1562 229 1602 llle
263 1575 385 1616 aper,
409 1564 449 1601 in
482 1564 626 1601 nostris
659 1570 765 1602 errat
797 1564 863 1614 qui
895 1564 1086 1602 maximus
1118 1565 1244 1616 agris,

78 1630 144 1660 715
168 1621 235 1660 Ille
267 1621 361 1660 mihi
387 1621 588 1660 feriendus
620 1633 713 1673 aper
733 1618 757 1660 .’
796 1622 877 1660 ruit
907 1622 1034 1660 omnis
1064 1622 1104 1660 in
1136 1634 1257 1660 unum

162 1679 294 1719 Turba
309 1680 468 1728 surens3
489 1686 651 1718 cunctae
667 1683 812 1718 coeunt
823 1711 834 1731 ,
853 1679 1128 1731 trepidumque
1144 1688 1383 1731 sequuntur,

164 1738 242 1777 lam
269 1738 465 1790 trepidum
484 1770 495 1790 ,
527 1739 601 1776 iam
634 1738 749 1777 verba
782 1739 911 1776 minus
939 1738 1106 1777 violenta
1136 1738 1382 1789 loquentem.

164 1796 241 1835 lam
274 1809 315 1835 se
347 1796 594 1835 damnantem
613 1828 624 1849 ,
654 1798 729 1835 iam
762 1808 803 1835 se
835 1808 1018 1848 peccasse
1051 1796 1259 1836 fatentem.

166 1855 330 1894 Saucius
362 1855 425 1894 ille
459 1862 587 1894 tamen
621 1852 696 1894 ‘ser
722 1867 834 1907 opem
855 1886 865 1906 ,
897 1851 1122 1893 matertera'
1153 1854 1250 1894 dixit

78 1921 144 1953 720
166 1911 387 1953 ‘Autonoel
421 1919 599 1952 moveant
630 1915 779 1952 animos
810 1914 1016 1951 Actaeonis
1048 1912 1208 1952 umbrae
1225 1911 1248 1952 .'

165 1972 230 2010 llla
250 2004 261 2024 ,
292 1973 380 2023 quis
411 1974 581 2011 Actaeon
601 2004 611 2024 ,
644 1974 797 2023 nescit,
829 1971 1084 2022 dextramque
1116 1973 1312 2023 precantis

165 2030 362 2070 Abstulit:
395 2030 487 2069 Inoo
521 2030 686 2069 lacerata
719 2036 780 2069 est
805 2030 923 2068 altera
957 2035 1093 2080 raptu.

165 2088 250 2127 Non
283 2087 399 2127 habet
429 2088 561 2127 inl'elix
581 2120 592 2141 ,
625 2101 722 2140 quae
755 2089 869 2126 matri
901 2087 1080 2126 bracchia
1113 2089 1268 2141 tendat,

164 2146 320 2186 Trunca
351 2146 418 2186 sed
445 2146 656 2186 ostendens
689 2147 850 2186 deiectis
882 2146 1040 2185 vulnera
1075 2147 1283 2196 membris,

79 2213 146 2244 725
167 2202 322 2256 ‘Aspice
341 2237 351 2257 ‚
384 2211 508 2244 mater
527 2202 552 2244 !’
586 2207 666 2244 ait.
707 2206 798 2244 visis
831 2204 991 2243 ululavit
1021 2206 1171 2258 Agaue,

166 2262 349 2315 Collaque
382 2265 565 2315 iactavit,
596 2265 794 2315 movitque
825 2275 896 2314 per
927 2267 1015 2302 aera
1047 2265 1218 2315 crinem3

166 2322 430 2372 Avulsumque
462 2327 579 2372 caput
611 2322 741 2373 digitis
773 2321 958 2372 conplexa
991 2324 1166 2361 cruentis

118 2394 231 2421 σπι).
251 2395 300 2420 n.
1082 2391 1101 2422 5
