1538 2496
167 137 252 179 300
383 148 587 172 VERTL'MNUS
714 132 927 167 METAMM
943 160 950 167 .
1514 0 1538 199 ἶ

284 246 364 285 Hos
397 256 553 296 quoque
585 242 852 281 Vertumnus.
892 253 1019 292 neque
1052 247 1136 280 erat
1167 241 1316 281 felicior
1349 241 1429 282 iliis
1531 248 1538 309 ff

285 304 316 343 Ο
349 305 531 354 quotiens
563 300 697 340 habitu
730 300 820 340 duri
850 302 1037 339 messoris
1069 301 1208 339 aristas
1531 309 1534 311 ’

285 362 411 401 Corhe
444 360 562 412 tulit,
593 361 755 410 verique
787 359 863 398 fuit
892 359 1079 398 messoris
1110 358 1260 410 imago!

197 429 262 460 645
284 421 476 471 Tempora
509 430 624 470 saepe
657 429 799 469 gerens
831 418 944 456 faeno
977 417 1137 468 religata
1167 418 1321 457 recenti
1528 314 1538 507 1

283 479 491 517 Desectum
524 482 678 528 poterat
708 488 868 527 gramen
900 487 1078 515 versasse
1109 475 1254 515 videri.

285 537 408 588 Saepe
440 548 558 574 manu
591 535 770 574 stimulos
801 534 925 585 rigida
955 534 1164 586 portabat,
1195 541 1240 574 ut
1270 534 1378 574 illum

284 595 438 633 lurares
470 594 597 633 fessos
630 593 745 633 modo
778 593 1013 632 disiunxisse
1044 595 1254 633 iuvencos.
1531 588 1538 640 I

283 653 396 692 Falce
429 653 516 692 data
547 652 750 691 frondator
783 658 867 691 erat
897 653 1066 703 vitisque
1096 657 1280 704 putator:

196 720 262 752 650
282 712 469 751 Induerat
500 711 651 763 scalas,
683 710 878 750 lecturum
909 722 1024 762 poma
1054 716 1238 762 putares.
1532 698 1538 721 ¹

281 770 392 809 Miles
425 775 510 809 erat
540 769 666 821 gladi⁰
685 801 696 821 ‚
727 771 900 820 piscator
931 768 1151 808 harundine
1183 775 1361 821 sumpta.
1532 767 1538 835 ff

282 829 460 880 Denique
491 841 563 880 per
594 828 736 867 multas
768 828 916 867 aditum
949 821 1023 866 sib'i
1054 840 1169 878 saepe
1201 828 1344 879 figuras

283 887 472 939 Repperit
489 918 500 940 ‚
532 892 576 926 ut
608 892 766 938 caperet
798 892 994 938 spectatae
1026 886 1164 937 gaudia
1196 887 1367 926 formae.
1533 892 1538 914 ¹

283 946 351 985 llle
384 947 500 985 etiam
533 947 638 997 picta
668 944 876 984 redimitus
907 951 1085 996 tempora
1116 946 1256 998 mitra,
1531 954 1538 1019 l

195 1012 261 1044 655
282 1005 459 1044 Innitens
490 1004 629 1043 baculo
648 1035 659 1056 ‚
690 1005 829 1055 positis
861 1003 908 1042 ad
939 1009 1117 1055 tempora
1148 1005 1279 1056 canis,
1531 1032 1538 1052 ς

282 1063 532 1102 Assimulavit
558 1074 675 1102 anum
693 1094 705 1115 ,
738 1062 943 1113 cultosque
969 1064 1129 1101 intravit
1153 1064 1194 1101 in
1218 1062 1379 1115 hortos3
1411 1071 1439 1098 π.
1459 1078 1512 1099 ω.

282 1121 481 1172 Pomaque
513 1123 650 1160 mirata
677 1126 738 1160 est
756 1152 765 1160 .
805 1117 944 1159 ‘tanto'
971 1133 1046 1171 que
1074 1117 1288 1172 ‘potentior
1307 1117 1332 1160 !'
1357 1123 1513 1174 inquit,

283 1180 480 1231 Pluraque
512 1179 689 1218 laudatae
722 1191 766 1218 ac
799 1179 907 1218 dedit
937 1178 1070 1218 oscula
1088 1210 1099 1231 ‚
1131 1179 1258 1230 qualia
1295 1192 1513 1232 numquam

284 1238 384 1277 Vera
415 1238 590 1278 dedisset
622 1250 750 1278 anus:
782 1237 996 1289 glaebaque
1027 1239 1190 1277 incurva
1220 1237 1390 1292 resedit,

196 1306 262 1336 660
284 1297 511 1348 Suspiciens
542 1297 692 1349 pandos
724 1298 903 1336 autumni
932 1295 1108 1348 pondere
1138 1308 1290 1336 ramos.

283 1356 419 1395 Ulmus
450 1361 535 1395 erat
566 1362 703 1395 contra
734 1356 910 1407 speciosa
941 1354 1158 1394 nitentibus
1189 1357 1297 1395 uvis:

285 1415 410 1460 Quam
443 1419 597 1465 compta
627 1419 836 1465 postquam
867 1415 1015 1465 pariter
1045 1415 1191 1453 virtute
1222 1413 1425 1468 probavit,

285 1471 348 1511 ‘At
381 1474 414 1511 si
446 1469 583 1511 staret'
616 1474 668 1511 ait
701 1470 870 1511 ‘caelebs
903 1473 986 1511 sine
1018 1472 1177 1523 palmite
1208 1480 1398 1525 truncus,

283 1530 345 1569 Nil
376 1537 534 1582 praeter
566 1530 725 1569 frondes
744 1562 755 1583 ‚
788 1542 908 1581 quare
939 1536 1144 1582 peteretur
1162 1562 1174 1583 ,
1205 1531 1389 1570 haberet.

196 1597 261 1628 665
284 1589 389 1628 llaec
421 1601 578 1640 quoque
597 1621 608 1641 ‚
641 1601 740 1640 quae
771 1590 904 1628 iuncta
935 1590 1024 1628 vitis
1062 1590 1276 1640 requiescit
1306 1591 1348 1629 in
1378 1589 1514 1642 ulmo,

286 1648 326 1686 Si
358 1660 436 1686 non
468 1653 590 1699 nupta
622 1648 724 1686 foret
742 1679 753 1700 ,
783 1654 912 1686 terrae
945 1647 1132 1686 acclinata
1163 1649 1331 1687 iaceret.

282 1707 341 1745 Tu
374 1712 505 1745 tamen
537 1706 713 1757 exemplo
746 1717 826 1745 non
858 1707 1032 1757 tangeris
1067 1705 1219 1745 arboris
1250 1706 1391 1760 huius,

283 1764 603 1815 Concubitusque
637 1766 739 1816 sugis
757 1796 768 1816 ,
801 1777 874 1804 nec
906 1770 946 1803 te
977 1766 1220 1816 coniungere
1252 1777 1390 1805 curas.

283 1825 410 1874 Atque
443 1825 591 1862 utinam
623 1822 770 1862 velles!
802 1823 952 1862 Helene
984 1822 1273 1875 nfflpluribus
1304 1830 1410 1863 esset

197 1889 264 1921 670
286 1882 499 1921 Sollicitata
530 1884 691 1934 procis,
723 1894 796 1921 nec
829 1894 927 1933 quae
959 1881 1160 1933 Lapitheia
1191 1884 1310 1921 movit

282 1940 465 1993 Proelia,
498 1953 572 1979 nec
604 1942 774 1979 coniunx
806 1940 961 1992 timidi,
993 1946 1060 1979 aut
1091 1940 1249 1980 audacis
1279 1940 1425 1980 Ulixis.

284 1999 398 2038 Nunc
431 2011 588 2050 quoque
607 2031 618 2052 ,
651 2011 741 2038 cum
773 1999 898 2049 fugias
930 2000 1202 2050 averserisque
1232 2005 1436 2053 petentes,

282 2057 384 2096 Mil-le
416 2059 490 2096 viri
522 2060 687 2109 cupiunt
718 2063 758 2096 et
788 2056 1029 2108 semideique
1062 2057 1204 2108 deique

282 2114 332 2153 Et
364 2128 634 2167 quaecumque
666 2122 804 2156 tenent
834 2115 1003 2155 Albanos
1034 2117 1197 2155 numina
1226 2122 1403 2156 montes.

195 2181 262 2212 675
285 2173 360 2212 Sed
394 2180 436 2212 tu
469 2176 501 2213 si
533 2176 659 2226 sapies
678 2206 690 2227 ‚
722 2176 756 2214 si
786 2179 825 2213 te
856 2174 957 2213 hene
989 2175 1153 2226 iungere
1184 2186 1381 2225 anumque

284 2230 391 2270 Hanc
423 2232 559 2271 audire
591 2233 698 2272 voles
717 2264 728 2286 ,
761 2245 859 2284 quae
892 2238 930 2272 te
962 2233 1051 2284 plus
1082 2232 1266 2272 omnihus
1297 2233 1400 2285 illis,

280 2290 373 2329 Plus
407 2302 523 2340 quam
556 2291 683 2330 credis
703 2323 713 2342 ‚
745 2303 831 2330 amo
850 2323 862 2343 ,
892 2291 1073 2342 vulgares
1105 2295 1210 2330 reice
1241 2291 1397 2343 taedas,

281 2347 619 2400 Vertumnumque
650 2351 728 2389 tori
760 2352 910 2390 socium
943 2349 1015 2392 tibi
1046 2349 1165 2401 selige
1185 2381 1194 2389 .
1231 2361 1304 2402 pro
1336 2361 1416 2402 quo
