1554 2506
157 79 178 115 1
185 74 236 115 76
381 88 556 113 Acmona
707 76 922 112 METAMM
934 103 942 112 .

270 185 373 226 Dixit
405 184 460 226 ‘et
491 192 534 226 ut
565 187 695 225 vincas
728 186 823 226 alios
841 218 852 239 ,
884 186 1052 227 Acheloe
1071 219 1082 240 ,
1108 187 1323 241 dracones,

268 244 364 284 Pars
397 251 515 296 quota
546 243 743 284 Lernaeae
776 257 939 297 serpens
972 247 1051 285 eris
1083 258 1186 286 unus
1217 245 1441 287 echidnae?

206 311 249 343 70
269 303 505 344 Vulneribus
538 303 705 343 fecunda
736 305 818 344 suis
849 310 934 344 erat
964 304 1057 358 illa,
1089 317 1162 345 nec
1193 304 1317 345 ullum

268 362 323 402 De
356 368 515 402 centum
546 374 710 402 numero
744 368 861 415 caput
892 368 952 402 est
982 364 1130 415 inpune
1162 365 1358 417 recisum,

307 422 373 460 uin
403 423 559 473 gemino
592 423 723 461 cervix
753 421 900 461 herede
932 421 1123 462 valentior
1155 428 1282 463 esset.

305 492 376 519 anc
409 492 480 531 ego
511 492 705 520 ramosam
736 482 837 520 natis
869 493 890 519 e
923 480 1041 520 caede
1074 480 1247 521 colubris

269 538 602 591 Crescentemque
634 539 734 579 malo
767 540 930 593 domui,
964 540 1240 592 domitamque,
1260 540 1427 580 reclusi.

205 605 248 636 75
269 597 370 643 Quid
402 598 486 637 fore
518 604 557 638 te
590 598 756 652 credas,
789 598 929 638 falsum
962 600 1030 650 qui
1061 611 1199 638 versus
1230 600 1272 639 in
1303 611 1471 652 anguem

268 656 384 695 Arma
415 656 539 696 aliena
570 669 703 697 moves
721 654 744 697 ⁴?
775 670 894 709 quem
925 658 1049 697 forma
1079 659 1257 709 precaria
1288 658 1389 698 celat
1400 655 1452 698 ‘?''

268 714 426 755 Dixerat
443 748 455 769 ,
492 721 532 756 et
563 728 715 756 summo
748 716 961 767 digitorum
991 716 1145 756 vincula
1177 715 1275 755 collo

268 773 412 814 Inicit:
444 774 614 826 angebar
633 807 644 827 ,
676 787 748 814 ceu
781 780 940 826 guttura
971 775 1121 827 forcipe
1153 787 1339 829 pressus,

268 832 558 885 Pollicibusque
584 845 690 873 meas
721 833 943 886 pugnabam
975 833 1142 874 evellere
1174 834 1330 874 fauces.

204 899 248 931 80
270 891 334 930 Sic
365 904 523 944 quoque
556 893 707 932 devicto
739 892 912 932 restabat
942 894 1059 932 tertia
1089 894 1193 932 tauri
1326 901 1355 928 t.
1376 908 1489 929 oxxxv.

268 950 408 990 Forma
439 953 564 991 trucis
584 983 593 991 .
631 958 744 991 tauro
776 957 951 992 mutatus
982 951 1157 991 membra
1187 950 1358 992 rebello.

268 1009 399 1049 Induit
428 1009 493 1050 ille
525 1011 622 1050 toris
653 1023 674 1050 a
705 1010 811 1050 laeva
842 1016 952 1062 parte
984 1010 1175 1064 lacertos,

268 1068 570 1120 Admissumque
602 1069 761 1108 trahens
794 1070 974 1120 sequitur
992 1101 1003 1122 ,
1029 1069 1293 1121 depressaque
1326 1068 1423 1109 dura

270 1126 426 1166 Cornua
457 1128 541 1179 figit
570 1127 691 1167 humo
710 1159 721 1181 ,
753 1140 895 1179 meque
928 1127 1003 1166 alta
1035 1129 1177 1167 sternit
1207 1127 1376 1167 harena.

204 1192 248 1224 85
268 1185 349 1224 Nec
382 1187 476 1225 satis
507 1186 583 1225 hoc
615 1187 772 1226 fuerat:
803 1186 974 1238 rigidum
1006 1187 1088 1225 fera
1119 1186 1280 1226 dextera
1312 1198 1435 1226 cornu

268 1243 369 1284 Dum
401 1250 538 1298 tenet,
569 1245 758 1298 infregit,
790 1251 1008 1297 truncaque
1041 1257 1062 1284 a
1093 1245 1223 1285 fronte
1254 1245 1427 1285 revellit.

268 1302 411 1342 Naides
442 1303 546 1357 hoc,
578 1305 705 1355 pomis
737 1309 778 1344 et
808 1304 929 1343 odoro
961 1304 1057 1343 nore
1090 1304 1308 1358 repletum,

270 1361 513 1415 Sacrarunt3
545 1363 731 1414 divesque
764 1375 851 1402 meo
882 1362 990 1402 Bona
1022 1362 1141 1415 Copia
1173 1375 1298 1403 cornu
1330 1368 1391 1403 est
1403 1360 1427 1402 .’

268 1420 456 1461 Dixerat:
487 1426 528 1460 et
558 1421 727 1473 nymphe
758 1423 838 1461 ritu
871 1423 1072 1461 succincta
1102 1421 1271 1473 Dianae,

205 1487 250 1520 90
269 1478 354 1518 Una
386 1480 655 1519 ministrarum
674 1512 685 1532 ,
717 1481 815 1519 fusis
847 1482 1046 1532 utrimque
1079 1480 1253 1534 capillis,

268 1537 434 1577 Incessit
465 1544 670 1590 totumque
702 1539 792 1578 tulit
821 1539 1036 1591 praedivite
1069 1551 1193 1578 cornu

268 1598 513 1636 Autumnum
545 1603 584 1637 et
614 1609 770 1637 mensas
788 1629 799 1650 ,
831 1598 957 1637 felicia
988 1610 1103 1650 poma
1121 1630 1132 1651 ,
1164 1597 1380 1638 secundas.

269 1655 353 1695 Lux
385 1655 520 1709 subit3
552 1662 592 1696 et
622 1657 748 1708 primo
781 1657 947 1696 feriente
980 1658 1182 1696 cacumina
1214 1656 1294 1696 sole

268 1714 484 1754 Discedunt
514 1717 675 1754 iuvenes
695 1746 704 1755 .
741 1727 870 1767 neque
902 1717 1036 1769 enim,
1068 1715 1161 1755 dum
1180 1715 1341 1755 flumina
1359 1727 1494 1768 pacem

204 1781 248 1813 95
268 1772 318 1812 Et
349 1773 521 1825 placidos
553 1773 721 1814 habeant
752 1774 914 1828 lapsus,
945 1779 1129 1826 totaeque
1160 1774 1359 1828 residant,

270 1832 543 1884 Opperiuntur
561 1865 572 1886 ‚
605 1845 756 1884 aquae.
795 1833 926 1872 vultus
958 1833 1153 1872 Achelous
1185 1839 1359 1885 agrestes

269 1889 319 1930 Et
349 1891 522 1931 lacerum
555 1904 679 1931 cornu
711 1891 850 1931 mediis
882 1897 999 1943 caput
1031 1891 1179 1940 abdidit
1208 1891 1347 1932 undis.

327 1948 442 1989 Hunc
474 1956 604 1990 tamen
637 1949 753 1990 ablati
784 1950 935 1990 domuit
965 1952 1114 1990 iactura
1146 1950 1326 2004 decoris,

270 2007 408 2047 Cetera
440 2021 577 2062 sospes
607 2009 752 2049 habet.
791 2010 929 2061 capitis
960 2021 1118 2061 quoque
1149 2008 1290 2049 fronde
1321 2009 1465 2062 saligna

184 2075 250 2106 100
269 2067 346 2106 Aut
377 2079 497 2119 super
527 2069 697 2120 inposita
729 2068 879 2108 celatur
910 2067 1129 2108 harundine
1161 2069 1369 2108 damnum.

269 2126 318 2164 At
349 2130 388 2165 te
407 2157 418 2178 ‚
449 2125 572 2167 Nesse
604 2128 744 2180 ferox,
777 2127 954 2167 eiusdem
984 2129 1147 2179 virginis
1179 2128 1296 2167 ardor

269 2183 502 2224 Perdiderat
532 2185 683 2226 volucri
714 2187 925 2226 traiectum
950 2191 1059 2238 terga
1091 2187 1253 2238 sagitta.

269 2242 446 2294 Namque
479 2256 576 2283 nova
608 2250 794 2296 repetens
825 2246 973 2297 patrios
1005 2257 1096 2285 cum
1127 2247 1293 2297 coniuge
1327 2257 1460 2286 muros

270 2300 438 2342 Venerat
469 2301 595 2342 Eueni
628 2304 781 2355 rapidas
813 2303 902 2343 love
934 2309 1048 2344 natus
1075 2303 1122 2343 ad
1153 2304 1301 2344 undas.
