1538 2496
107 85 192 127 216
350 97 503 120 ouranos
658 82 871 118 METAMM
887 111 893 118 .
1499 0 1538 216 ἲ

137 203 204 235 725
225 195 326 235 Iuris
360 198 477 236 erunt
495 190 520 232 :'
553 193 650 232 dixit
681 188 827 231 ‘luctus
859 193 1099 237 monimenta
1130 192 1344 234 manebunt
1531 237 1535 244 ,

225 254 417 306 Semper,
449 251 602 304 Adoni,
634 252 740 302 mei3
772 252 1018 302 repetitaque
1050 253 1189 291 mortis
1219 253 1346 304 imago
1527 248 1538 266 ’“’

223 312 360 351 Annua
391 310 588 362 plangoris
619 314 781 360 peraget
812 309 1056 349 simulamina
1088 311 1237 350 nostri.
1530 274 1538 370 i

224 372 273 410 At
304 381 421 409 cruor
452 370 493 407 in
525 368 664 407 florem
693 367 938 408 mutabitur.
977 380 1025 407 an
1057 367 1129 408 tibi
1161 368 1353 420 quondam
1534 404 1538 414 ,

223 429 428 467 Femineos
461 431 569 466 artus
601 428 641 465 in
673 426 823 466 olentes
854 431 1009 466 vertere
1041 427 1244 481 menfflas,
1319 435 1349 463 t.
1368 435 1446 462 olvi-
1531 421 1538 446 ’·

137 496 203 527 ’130
224 485 475 537 Persephone
495 517 506 538 ‚
537 485 678 538 licuit,
708 485 821 524 nobis
855 485 1059 537 Cinyreius
1091 485 1208 525 heros
1527 447 1538 561 ἰ

224 544 391 584 invidiae
424 548 598 583 mutatus
630 545 706 583 erit
724 540 777 583 ⁸?''
810 545 867 583 sic
899 544 975 583 fata
1008 556 1189 584 cruorem

223 604 390 642 Nectare
422 602 583 642 odorato
616 604 792 656 spargit3
825 604 893 654 qui
923 608 1050 642 tactus
1083 602 1129 642 ab
1159 602 1224 642 illo
1527 588 1538 658 i

224 662 414 701 Intumuit
445 663 531 714 sic,
561 666 607 701 ut
636 661 768 713 pluvio
800 661 1003 714 perlucida
1034 661 1139 701 caelo

224 720 396 772 Surgere
426 719 531 759 hulla
563 719 690 759 solet.
728 732 802 759 nec
833 720 949 771 plena
978 719 1131 771 longior
1162 721 1258 759 hora
1306 728 1338 756 ε.
1359 728 1449 756 clvii.

135 786 202 820 ‘135
223 779 339 818 Facta
364 789 474 818 mora
499 784 583 831 est,
610 790 699 817 cum
724 777 796 817 flos
823 778 871 817 de
898 779 1087 830 sanguine
1108 777 1292 818 concolor
1318 784 1450 832 ortus,

224 837 417 890 Qualem,
449 849 547 887 quae
579 836 686 876 lento
719 837 847 876 celant
878 836 951 876 sub
985 838 1132 877 cortice
1164 849 1352 891 granum,
1415 866 1417 869 .

222 896 371 935 Punica
408 896 513 935 ferre
546 895 701 935 solent.
745 895 875 935 brevis
908 901 969 935 est
998 901 1130 935 tamen
1161 908 1257 936 usus
1289 898 1329 935 in
1360 895 1450 937 illo:

222 954 398 1005 Namque
430 954 529 993 male
561 953 790 994 haerentem
823 960 862 993 et
894 955 1011 993 nimia
1042 954 1197 994 levitate
1229 954 1420 995 caducum

221 1012 438 1053 Excutiunt
467 1013 572 1052 idem
591 1044 602 1066 ,
635 1015 702 1064 qui
733 1018 934 1064 praestant
965 1014 1122 1052 nomina
1141 1045 1153 1066 ‚
1184 1015 1290 1053 venti
1305 1010 1329 1053 .'

470 1207 655 1261 LIBER
691 1206 1053 1262 UNDECIMUS
1074 1247 1085 1258 .

224 1306 404 1346 Carmine
437 1306 531 1345 dum
562 1305 630 1345 tali
661 1305 776 1345 silvas
809 1307 1037 1357 animosque
1070 1306 1242 1346 serarum

222 1365 431 1405 Threicius
462 1369 570 1403 vates
603 1369 642 1403 et
674 1376 764 1403 saxa
795 1366 1001 1416 sequentia
1032 1364 1141 1405 ducit
1152 1397 1164 1418 ‚

221 1423 326 1463 Ecce
357 1435 482 1463 nurus
516 1423 704 1462 Ciconum
722 1454 734 1476 ,
764 1429 891 1462 tectae
922 1423 1119 1475 lymphata
1149 1424 1285 1463 ferinis

222 1482 389 1522 Pectora
419 1481 631 1521 velleribus
649 1513 660 1534 ‚
692 1481 834 1521 tumuli
866 1481 914 1520 de
944 1483 1092 1522 vertice
1124 1487 1293 1522 cernunt

182 1547 203 1581 5
224 1540 381 1593 Orphea
411 1541 613 1592 percussis
645 1542 860 1580 sociantem
892 1541 1064 1579 carmina
1094 1542 1250 1580 nervis.

222 1599 254 1638 E
287 1599 431 1651 quibus
461 1611 539 1638 una
558 1630 569 1651 ,
600 1598 704 1638 leves
736 1600 878 1638 iactato
912 1600 1021 1638 crine
1051 1611 1123 1650 per
1155 1611 1294 1652 auras,

224 1655 299 1696 ‘En
318 1655 344 1711 ‚³
377 1659 431 1696 ait
462 1654 527 1696 ‘en
558 1657 622 1696 hic
655 1663 716 1697 est
746 1658 872 1697 nostri
905 1663 1152 1709 contemptor
1172 1655 1197 1698 1²
1230 1663 1270 1698 et
1301 1658 1452 1698 hastam

223 1716 329 1756 Vatis
361 1716 553 1767 Apollinei
584 1716 731 1755 vocalia
762 1717 868 1754 misit
898 1717 940 1755 in
971 1728 1063 1769 ora,

225 1775 332 1821 Quae
364 1775 467 1814 foliis
498 1780 682 1826 praesuta
713 1781 845 1814 notam
878 1775 963 1813 sine
994 1775 1156 1814 vulnere
1188 1775 1304 1815 fecit.

162 1841 204 1873 10
224 1833 395 1872 Alterius
427 1833 551 1872 telum
581 1833 678 1884 lap-is
711 1838 801 1885 est,
833 1834 901 1884 qui
933 1820 1091 1873 miss}
1107 1835 1149 1873 in
1180 1835 1265 1886 ipso

223 1892 323 1931 Aere
356 1897 552 1931 concentu
583 1893 709 1931 victus
740 1893 926 1942 vocisque
957 1892 1142 1943 lyraeque
1174 1898 1258 1945 est,

224 1950 277 1988 Ae
308 1949 430 1989 veluti
462 1949 627 2002 supplex
657 1962 729 2002 pro
762 1955 841 1989 tam
873 1949 1078 1989 furialibus
1110 1951 1215 1990 ausis

224 2008 322 2046 Ante
354 2008 474 2060 pedes
506 2010 653 2048 iacuit.
693 2008 761 2047 sed
794 2010 898 2047 enim
929 2010 1139 2048 temeraria
1170 2015 1355 2049 crescunt

223 2065 329 2104 Bella
347 2097 358 2118 ‚
390 2067 608 2118 modusque
641 2066 763 2120 abiit,
795 2068 1010 2118 insanaque
1041 2073 1181 2119 regnat
1209 2067 1375 2120 Erinys.

162 2131 204 2163 15
225 2124 453 2175 Cunctaque
485 2125 562 2164 tela
593 2126 723 2165 forent
755 2131 873 2165 cantu
904 2126 1080 2166 mollita:
1112 2126 1182 2166 sed
1212 2127 1352 2178 ingens

225 2182 379 2221 Clamor
412 2187 451 2221 et
480 2184 647 2223 infracto
679 2184 911 2236 Berecyntia
942 2184 1037 2224 tibia
1067 2195 1193 2224 cornu

223 2240 501 2293 Tympanaque
535 2248 574 2281 et
608 2242 768 2294 plausus
800 2248 840 2282 et
870 2242 1038 2282 Bacchei
1067 2242 1239 2283 ululatus

225 2297 495 2351 Obstrepuere
527 2311 623 2339 sono
657 2301 856 2341 citharae.
895 2307 980 2341 tum
1012 2301 1181 2358 denique
1214 2314 1304 2343 saxa
