1538 2496
152 106 236 148 206
401 116 541 140 urnam
701 97 938 135 METAMM.

269 214 426 267 Myrrha
457 213 556 252 datis
588 210 752 250 nimium
783 208 954 284 gaudet:
985 208 1242 260 consultaque
1260 241 1272 262 ‚
1304 209 1456 261 qualem

271 274 390 325 Optet
420 271 564 310 habere
597 271 753 320 virum,
786 264 985 307 “similem
1016 264 1118 307 tihi”
1151 267 1275 307 dixit
1313 273 1354 308 at
1381 268 1445 309 ille

183 340 249 372 365
271 332 356 370 Non
381 329 619 369 intellectam
650 339 786 367 vocem
818 326 1054 379 conlaudat,
1085 323 1168 366 et
1173 323 1272 366 ‘esto

271 390 365 428 Tam
396 390 459 440 pia
491 383 791 439 sempe1’'ait.
828 387 984 437 pietatis
1016 386 1173 424 nomine
1205 384 1309 425 dicto

271 448 434 487 Demisit
464 445 594 485 vultus
626 445 787 484 sceleris
819 443 894 483 sibi
926 445 1081 483 conscia
1112 445 1245 495 vugo.

271 506 405 545 Noctis
436 510 520 545 erat
550 503 723 543 medium
741 536 752 556 ,
784 515 978 555 curasque
1010 508 1050 542 et
1080 514 1246 554 corpora
1276 514 1436 543 somnus

273 564 478 604 Solverat.
517 568 556 602 at
585 564 694 614 virgo
728 562 907 614 Cinyreia
937 561 1102 614 pervigil
1132 562 1214 612 igni

184 632 251 663 370
273 623 455 675 Carpitur
485 621 674 661 indomito
693 653 704 674 ,
736 622 962 672 furiosaque
994 625 1082 659 vota
1114 625 1325 660 retractat.

271 682 322 721 Et
352 681 467 721 modo
501 681 712 733 desperat,
743 679 858 719 modo
899 679 980 718 vult
1016 685 1235 730 temptare.
1272 679 1496 732 pudetque,

273 740 323 779 Et
354 742 491 792 cupit,
522 744 563 779 et
580 771 591 792 ,
623 738 717 790 quid
742 744 828 790 agat
845 769 857 791 ,
888 749 967 777 non
997 738 1149 777 invenit
1166 768 1175 777 .
1212 742 1336 789 utque
1368 740 1497 778 securi

274 799 413 838 Saucia
444 797 552 837 trabs
583 799 751 850 ingens,
783 796 851 835 ubi
881 796 993 848 plaga
1024 796 1234 835 novissima
1264 801 1410 849 restat,

274 858 360 904 Quo
393 857 533 909 cadat,
564 858 606 895 in
637 855 755 895 dubio
789 861 878 907 est,
909 855 1094 906 omnique
1125 866 1147 893 a
1176 859 1289 906 parte
1314 856 1498 895 timetur:

186 924 254 956 375
276 916 341 956 Sic
373 917 526 956 animus
558 916 664 953 vario
697 914 910 953 labefactus
942 913 1102 952 vulnere
1134 918 1247 953 nutat

274 974 361 1014 Huc
392 974 487 1013 levis
520 979 635 1025 atque
667 972 760 1012 iiiuc
780 1005 791 1026 ,
821 977 1096 1023 momentaque
1128 972 1248 1011 sumit
1277 977 1468 1024 utroque.

274 1033 356 1073 Nec
387 1033 528 1072 modus
548 1037 615 1072 aut
633 1033 792 1083 requies
811 1063 822 1084 ,
853 1032 929 1070 nisi
948 1042 1055 1070 mors
1074 1061 1085 1083 ,
1116 1031 1316 1082 reperitur
1335 1031 1494 1072 amoris.

275 1091 381 1131 Mors
411 1091 567 1144 placet.
606 1091 771 1142 erigitur
789 1121 801 1142 ,
831 1089 1050 1141 laqueoque
1081 1089 1283 1128 innectere
1314 1089 1447 1129 fauces

275 1150 453 1190 Destinat
471 1181 480 1189 .
519 1155 558 1188 et
588 1161 684 1188 zona
715 1160 868 1188 summo
901 1148 948 1187 de
979 1152 1092 1199 poste
1123 1148 1297 1187 revincta

188 1217 257 1250 380
277 1206 407 1248 “Care
437 1208 521 1248 vale
554 1207 724 1260 Cinyra,
756 1217 992 1258 causamque
1023 1205 1206 1257 intellege
1238 1207 1376 1246 mortis
1390 1203 1431 1245 !''

277 1267 410 1320 Dixit,
442 1272 482 1306 et
513 1266 669 1319 aptabat
697 1267 863 1318 patienti
893 1264 1046 1304 vincula
1078 1264 1200 1304 collo.

277 1326 480 1366 Murmura
510 1324 723 1365 verborum
754 1324 849 1364 fidas
880 1324 1048 1363 nutricis
1078 1323 1126 1363 ad
1157 1335 1274 1363 aures

277 1385 510 1425 Pervenisse
542 1384 677 1423 ferunt
694 1415 706 1437 ,
737 1383 856 1422 limen
888 1382 1080 1422 servantis
1112 1381 1313 1423 alumnae.

280 1443 421 1495 Surgit⁴
446 1455 543 1482 anus
561 1474 573 1495 ,
604 1447 835 1493 reseratque
867 1442 1002 1481 sores:
1033 1441 1250 1493 mortisque
1281 1447 1438 1493 paratae

191 1510 259 1543 385
279 1502 546 1541 Instrumenta
576 1500 712 1540 videns
730 1532 742 1553 ‚
774 1501 899 1553 spatio
931 1499 1148 1539 conclamat
1177 1498 1316 1539 eodem

280 1560 410 1612 Seque
442 1560 536 1600 ferit
566 1559 787 1610 scinditque
820 1560 931 1598 sinus
963 1563 1179 1610 ereptaque
1210 1557 1309 1597 collo

280 1618 443 1659 Vincula
474 1617 661 1658 dilaniat.
706 1623 791 1658 tum
822 1617 992 1668 denique
1023 1616 1120 1656 flere
1151 1618 1323 1669 vacavit,

279 1677 381 1717 Tum
413 1677 506 1716 dare
538 1676 793 1729 complexus,
826 1675 1033 1727 laqueique
1065 1676 1271 1727 requirere
1302 1687 1480 1715 causam.

280 1736 387 1776 Muta
418 1735 507 1775 silet
537 1737 645 1786 virgo
678 1740 904 1786 terramque
935 1735 1082 1773 inmota
1112 1739 1272 1787 tuetur,

193 1803 262 1835 390
280 1794 331 1834 Et
362 1795 557 1846 deprensa
588 1792 694 1833 dolet
724 1793 857 1832 tardae
890 1794 1096 1843 conamina
1125 1793 1288 1832 mortis,

281 1853 406 1893 Instat
431 1865 529 1892 anus
547 1884 559 1905 ,
590 1863 786 1903 canosque
819 1863 912 1891 suos
943 1856 984 1891 et
1012 1851 1143 1890 inania
1173 1850 1326 1890 nudans

281 1911 411 1951 Ubera
441 1923 513 1964 per
545 1922 666 1951 cunas
697 1910 957 1961 alimentaque
989 1910 1114 1962 prima
1144 1915 1355 1962 precatur,

283 1969 334 2010 Ut
365 1969 439 2010 sibi
471 1971 718 2022 committat,
749 1968 936 2021 quicquid
968 1968 1095 2008 dolet.
1133 1967 1197 2007 illa
1227 1973 1431 2019 rogantem

284 2029 467 2068 Aversata
499 2030 647 2081 gemit.
686 2033 793 2067 certa
824 2033 884 2067 est
915 2028 1124 2078 exquirere
1154 2028 1290 2066 nutrix

197 2094 265 2126 395
285 2085 366 2126 Nec
398 2087 519 2126 solam
551 2086 746 2139 spondere
778 2086 923 2125 fidem.
962 2081 1071 2124 “dic'
1103 2087 1233 2137 inquit
1263 2081 1470 2137 ‘opemque

286 2144 346 2184 Me
379 2146 463 2184 sine
494 2146 599 2185 ferre
631 2145 732 2185 tibi.
770 2157 850 2184 non
882 2150 942 2184 est
972 2155 1058 2183 mea
1087 2145 1199 2196 pigra
1230 2149 1437 2183 senectus.

289 2202 367 2242 Seu
392 2203 503 2242 furor
530 2210 613 2256 est,
644 2202 793 2257 habeo,
825 2215 923 2255 quae
950 2203 1122 2242 carmine
1149 2208 1261 2242 sanet
1284 2207 1325 2241 et
1351 2201 1507 2242 herbis;

289 2260 378 2301 Sive
410 2260 549 2313 aliquis
581 2264 718 2301 nocuit
735 2263 927 2315 ,magico
959 2259 1180 2300 lustrabere
1212 2262 1315 2322 ritu.

288 2318 351 2359 Ira
382 2319 499 2359 deum
530 2321 611 2360 sive
643 2326 732 2374 est,
763 2322 885 2361 sacris
917 2319 1117 2373 placabilis
1147 2321 1228 2359 ira.

1536 94 1538 99 .
1518 0 1538 69 ..J-d
