1518 2501
91 64 142 106 18
294 76 330 100 10
341 88 349 97 .
377 75 488 98 ancus
637 60 850 96 METAMM
864 88 872 96 .

206 174 298 214 Diva
330 179 507 225 metum,
541 173 747 222 timuitque
779 170 908 210 Iovem
940 176 980 209 et
1011 170 1084 209 suit
1115 171 1226 208 anxia
1258 169 1377 221 furti,

207 233 338 272 Donec
369 230 618 271 Arestoridae
643 229 872 268 servandam
904 228 1063 268 tradidit
1093 229 1218 278 Argo.

117 292 182 325 625
208 292 372 331 Centum
405 289 618 329 luminibus
649 289 821 327 cinctum
853 293 971 339 caput
1001 287 1127 338 Argus
1158 285 1348 326 habehat:

205 350 298 389 lude
331 351 412 388 suis
443 347 593 386 vicibus
626 346 830 398 capiebant
861 345 950 385 bina
983 347 1178 397 quietem,

206 408 343 447 Cetera
375 405 580 446 servabant
611 411 726 456 atque
758 406 798 444 in
831 406 997 444 statione
1029 403 1258 443 manebant.

207 466 444 506 Constiterat
476 476 724 516 quocumque
757 463 871 502 modo
890 495 901 516 ,
933 462 1134 514 spectabat
1164 462 1211 502 ad
1243 461 1307 502 10:

205 526 301 563 Ante
335 523 469 563 oculos
500 522 541 561 Io
573 523 748 574 quamvis
782 534 940 561 aversus
972 521 1159 560 habebat.

119 592 186 623 630
207 582 310 622 Luce
344 583 437 620 sinit
467 583 602 632 pasci.
642 593 732 621 cum
764 581 820 619 sol
853 580 994 619 tellure
1026 579 1099 619 sub
1131 579 1204 618 alta
1236 584 1320 633 est,

208 640 360 680 Claudit
392 646 432 679 et
461 640 621 691 indigno
653 639 870 678 circumdat
901 638 1054 678 vincula
1086 637 1207 678 collo.

202 699 232 738 F
236 698 423 738 rondibus
455 698 629 737 arboreis
663 704 702 736 et
733 710 861 736 amara
892 699 1066 748 pascitur
1098 696 1243 749 herba,

203 758 358 808 Proque
391 763 478 796 toro
510 763 639 796 terrae
672 768 750 795 non
783 768 938 807 semper
971 767 1130 806 gramen
1162 754 1321 794 habenti

204 816 367 855 Incubat
398 815 531 855 infelix
551 848 562 868 ,
593 815 808 866 limosaque
840 815 999 853 flumina
1031 819 1161 865 potat.

116 883 182 914 635
203 875 269 914 Illa
302 876 417 913 etiam
450 874 614 926 supplex
645 874 747 925 Argo
780 885 869 912 cum
895 872 1076 911 bracchia
1107 871 1222 911 vellet

202 933 411 985 Tendere,
442 945 521 972 non
553 931 688 971 habuit
719 944 817 983 quae
849 931 1030 971 bracchia
1061 931 1242 970 tenderet
1271 931 1398 983 Argo3

204 991 429 1043 Conatoque
457 992 570 1042 queri
601 992 774 1041 mugitus
807 990 928 1029 edidit
959 1002 1051 1042 ore,

202 1050 489 1101 Pertimuitque
522 1062 639 1088 sonos
671 1051 908 1100 propriaque
941 1050 1127 1087 exterrita
1158 1060 1252 1087 voce
1284 1054 1367 1087 est.

204 1108 317 1147 Venit
342 1114 382 1147 et
413 1108 458 1146 ad
492 1110 626 1160 ripas,
657 1107 726 1146 ubi
757 1107 892 1146 ludere
925 1119 1040 1158 saepe
1073 1106 1251 1160 solebat,

117 1174 184 1206 640
205 1166 438 1206 Inachidas:
469 1168 594 1205 rictus
627 1177 803 1216 novaque
835 1171 881 1205 ut
912 1167 1185 1223 conspexit
1146 1167 1187 1204 in
1218 1165 1322 1205 unda

205 1225 359 1264 C01nua
378 1257 390 1278 ,
419 1226 624 1276 pertimuit
655 1236 775 1275 seque
808 1230 1030 1263 exsternata
1063 1211 1229 1275 refugit.

202 1284 343 1323 Naides
374 1285 585 1335 ignorant,
616 1284 770 1334 ignorat
802 1288 841 1321 et
871 1282 1038 1322 Inachus
1069 1284 1178 1335 ipse,

206 1343 313 1388 Quae
345 1315 410 1381 sitD
415 1373 423 1381 .
456 1347 495 1381 at
513 1341 577 1380 illa
596 1348 747 1392 patrem
769 1343 949 1392 sequitur
970 1343 1228 1392 sequiturque
1248 1353 1428 1394 sorores,

202 1401 252 1440 Et
281 1402 429 1452 patitur
461 1402 567 1451 tangi
599 1412 718 1451 seque
750 1400 1031 1439 admirantibus
1064 1401 1204 1440 offert.

116 1466 183 1498 645
204 1459 416 1510 Decerptas
449 1460 580 1498 senior
611 1464 841 1510 porrexerat
871 1458 1039 1498 Inachus
1069 1458 1236 1498 herbas:

204 1518 272 1556 Illa
303 1530 441 1556 manus
473 1516 607 1556 lambit
638 1519 854 1568 patriisque
887 1517 952 1556 dat
977 1517 1109 1556 oscula
1140 1517 1303 1570 palmis,

204 1576 286 1615 Nec
317 1578 463 1615 retinet
493 1576 673 1614 lacrimas
705 1581 772 1627 et,
805 1577 836 1614 si
870 1575 984 1614 modo
1016 1575 1135 1615 verba
1167 1581 1406 1629 sequantur,

205 1635 301 1674 Oret
331 1647 445 1686 opem
478 1647 699 1686 nomenque
733 1647 848 1673 suum
881 1647 1072 1686 casusque
1105 1635 1311 1686 loquatur.

204 1693 350 1732 Littera
382 1705 453 1745 pro
485 1693 615 1732 verbis
634 1725 645 1746 ,
678 1705 793 1744 quam
825 1705 894 1745 pes
924 1695 965 1732 in
996 1693 1157 1744 pulvere
1190 1693 1323 1746 duxit,

118 1760 184 1791 550
205 1751 389 1803 Corporis
420 1751 608 1791 indicium
640 1753 779 1791 mutati
810 1754 923 1791 triste
954 1754 1130 1803 peregit.

207 1808 280 1849 ‘Me
302 1812 489 1849 miserum
504 1807 528 1849 !'
549 1810 738 1849 exclamat
757 1816 867 1862 pater
887 1810 1055 1850 Inachus
1068 1812 1218 1863 ,inque
1238 1811 1429 1862 gementis

207 1868 399 1908 Comibus
431 1877 470 1908 et
502 1871 635 1908 niveae
667 1869 844 1920 pendens
877 1870 1247 1920 cervieexruvencae

208 1924 282 1965 ‘Me
303 1929 512 1966 miserum.
506 1925 529 1956 Ρ
549 1929 785 1987 ingeminat,
807 1925 916 1967 tune
937 1940 980 1967 es
995 1929 1169 1979 quaesita
1188 1940 1259 1979 per
1273 1940 1429 1981 omnes,

206 1985 332 2037 Nata,
363 1986 457 2024 mihi
488 1992 614 2025 terras
633 1984 655 2025 5>
686 1971 727 2025 tiu
761 1999 839 2025 non
871 1989 1028 2026 inventa
1060 1992 1218 2038 reperta

122 2050 186 2082 555
208 2016 355 2082 Luculs
387 2056 473 2082 eras
504 2044 655 2084 levior.
693 2046 865 2098 retices,
897 2057 971 2084 nec
1002 2051 1137 2085 mutua
1168 2047 1314 2084 nostris

208 2101 318 2140 Dicta
350 2103 476 2140 refers
495 2134 506 2154 ,
538 2103 614 2142 alto
646 2109 799 2142 tantum
831 2105 1000 2156 suspiria
1033 2104 1144 2143 ducis

207 2159 373 2198 Pectore
392 2191 403 2212 ,
423 2161 605 2211 quodque
627 2174 749 2201 unum
768 2168 880 2214 potes
899 2195 910 2215 ,
931 2162 977 2201 ad
997 2175 1084 2202 mea
1104 2161 1220 2202 verba
1234 2163 1428 2213 remugis.

210 2218 258 2256 At
288 2218 359 2256 tibi
390 2230 461 2270 ego
495 2220 653 2270 ignarus
685 2221 874 2260 thalamos
905 2221 1117 2273 taedasque
1148 2220 1354 2273 parabam,

211 2276 387 2327 Spesque
422 2278 493 2316 fuit
526 2280 660 2328 generi
698 2279 792 2318 mihi
830 2281 955 2331 prima
974 2311 985 2333 ,
1016 2280 1187 2320 secunda
1219 2285 1428 2331 nepotum.
