1554 2506
153 64 208 104 92
382 76 528 98 rsnsncs
703 60 918 96 METAMM
933 87 940 94 .

186 180 251 212 135
271 172 450 212 Bactrius
464 172 708 223 Halcyoneus
722 201 732 221 ‚
753 167 865 222 ‘hoc,
885 169 989 220 quod
1008 165 1170 220 premis’
1190 169 1318 220 inquit
1338 165 1492 208 ‘habeto

276 230 327 269 De
361 236 417 269 tot
449 232 551 282 agris
582 225 726 268 terrae'
760 239 982 279 corpusque
1015 239 1210 278 exsangue
1241 226 1422 278 reliquit.

275 289 450 339 Torquet
480 291 521 327 in
552 288 657 326 hunc
688 287 840 325 hastam
871 286 993 324 calido
1026 285 1073 324 de
1106 285 1267 324 vulnere
1298 290 1446 337 raptam

277 346 384 386 Ultor
415 345 648 385 Abantiades
667 376 678 397 ,
710 344 836 383 media
868 356 966 395 quae
998 355 1090 382 nare
1123 349 1282 395 recepta

276 404 434 443 Cervice
467 410 600 443 exacta
632 409 720 455 est,
751 405 790 442 in
822 409 1033 454 partesque
1066 403 1212 440 eminet
1241 401 1396 441 ambas.

190 470 255 501 140
310 475 452 514 umque
472 474 630 502 manum
652 462 823 501 Fortuna
842 463 970 513 iuvat,
991 460 1236 512 Clytiumque
1257 459 1471 512 Claninque
1484 491 1497 513 ,

274 521 396 559 .Iatre
429 527 533 560 satos
565 533 642 560 una
660 552 671 573 ‚
703 520 856 559 diverso
882 519 1044 558 vulnere
1077 518 1202 557 fudit.

276 578 371 617 Nam
404 578 517 631 Clytii
547 591 618 631 per
650 584 863 629 utrumque
895 580 1003 629 gravi
1033 576 1172 616 librata
1203 576 1349 616 lacerto

277 637 466 676 Fraxinus
499 644 582 677 acta
614 638 771 676 femur:
803 635 973 675 iaculum
1006 635 1134 674 Clanis
1166 647 1233 674 ore
1265 635 1498 674 momordit.

277 695 429 735 Occidit
461 702 500 735 et
532 695 700 735 Celadon
733 695 986 734 Mendesius:
1018 693 1162 733 occidit
1192 694 1380 746 Astreus,

191 760 255 791 145
275 753 397 792 Matre
428 754 645 794 Palaestina
664 786 675 807 ‚
707 753 824 792 dubio
856 754 1034 804 genitore
1067 757 1245 791 creatus:

276 812 520 864 Aethionque
553 825 668 864 sagax
701 811 895 863 quondam
927 816 1091 849 ventura
1122 810 1277 862 videre,

277 870 389 909 Tunc
421 884 489 910 ave
522 871 709 923 deceptus
744 870 866 910 falsa:
897 871 1081 920 regisque
1112 868 1305 907 Thoactes

277 929 455 980 Armiger
473 961 485 982 ‚
516 936 556 969 et
587 942 699 969 caeso
731 930 908 980 genitore
939 928 1094 966 infamis
1126 927 1312 979 Agyrtes.

278 986 370 1027 Plus
391 994 520 1027 tamen
541 988 728 1028 exhausto
748 992 930 1039 superest
949 1017 957 1025 .
990 997 1157 1036 namque
1177 984 1359 1024 omnibus
1379 996 1501 1024 unum

194 1053 258 1084 150
280 1045 510 1098 Opprimere
543 1053 604 1086 est
634 1047 815 1085 animus.
854 1046 1055 1083 coniurata
1087 1042 1260 1095 undique
1292 1049 1468 1095 pugnant

281 1104 443 1155 Agmina
473 1116 545 1156 pro
579 1117 695 1144 causa
726 1104 910 1143 meritum
940 1104 1181 1153 inpugnante
1212 1101 1430 1152 fidemque.

279 1162 359 1202 Hac
391 1175 463 1215 pro
494 1168 605 1215 parte
637 1174 750 1202 socer
782 1162 928 1200 frustra
959 1162 1048 1212 pius
1079 1165 1120 1199 et
1149 1171 1249 1198 nova
1280 1161 1450 1199 coniunx

281 1220 378 1260 Cum
410 1222 609 1273 genetrice
641 1221 770 1260 favent
800 1218 1028 1270 ululatuque
1061 1219 1157 1257 atria
1189 1217 1407 1270 complent.

282 1279 358 1318 Sed
390 1292 510 1319 sonus
542 1291 741 1319 armorum
772 1283 932 1329 superat
962 1278 1209 1328 gemitusque
1242 1276 1474 1329 cadentum,

197 1345 258 1375 155
280 1337 531 1389 pollutosque
565 1337 686 1377 semel
717 1336 839 1377 multo
871 1334 1028 1374 Bellona
1058 1341 1221 1387 penates

284 1396 479 1448 Sanguine
511 1396 712 1448 perfundit
742 1400 1004 1446 renovataque
1036 1393 1184 1445 proelia
1214 1394 1376 1433 miscet.

284 1454 497 1495 Circueunt
527 1467 649 1494 unum
680 1454 853 1493 Phineus
885 1458 924 1492 et
954 1451 1058 1491 mille
1090 1453 1217 1491 secuti

281 1513 456 1553 Phinea.
495 1513 571 1553 tela
602 1513 731 1552 volant
761 1511 925 1551 hiberna
956 1509 1143 1562 grandine
1174 1510 1287 1562 plura

282 1572 444 1611 Praeter
475 1578 688 1623 utrumque
719 1571 820 1610 latus
840 1575 1074 1622 praeterque
1096 1575 1134 1608 et
1153 1568 1286 1608 lumen
1307 1574 1347 1608 et
1365 1580 1480 1608 aures
1495 1598 1504 1608 .

199 1636 262 1668 150
282 1630 459 1682 Applicat
490 1630 581 1669 hinc
612 1641 770 1669 umeros
802 1628 848 1667 ad
880 1639 1040 1679 magnae
1073 1639 1162 1666 saxa
1189 1627 1416 1679 columnae,

282 1689 461 1740 Tutaque
493 1695 602 1740 terga
633 1699 774 1739 gerens
806 1687 1045 1737 adversaque
1076 1686 1117 1725 in
1149 1687 1301 1737 agmina
1331 1697 1470 1724 versus

285 1747 462 1787 Sustinet
492 1749 713 1786 instantes.
752 1745 921 1785 instabat
952 1750 1062 1796 parte
1095 1745 1253 1784 sinistra

286 1806 508 1845 Chauonius
540 1805 716 1857 Molpeus
735 1836 746 1856 ‚
778 1804 912 1843 dextra
943 1802 1162 1842 Nabataeus
1194 1801 1410 1842 Ethemon.

284 1864 412 1916 Tigris
445 1870 488 1903 ut
519 1864 660 1903 auditis
693 1863 845 1902 diversa
874 1861 971 1900 valle
1003 1861 1171 1901 duorum

202 1929 263 1959 165
285 1922 520 1962 Extimulata
552 1923 652 1961 same
683 1920 897 1973 mugitibus
929 1925 1104 1959 armento
1128 1932 1196 1959 um

286 1980 447 2033 Nescit,
479 1986 567 2020 utro
600 1981 731 2032 potius
762 1985 880 2031 ruat,
911 1985 951 2017 et
982 1989 1099 2017 ruere
1131 1976 1242 2017 ardet
1273 1983 1467 2028 utroque:

288 2038 351 2077 Sic
383 2038 525 2078 dubius
557 2038 726 2077 Perseus
745 2069 756 2089 ,
788 2037 923 2077 dextra
955 2036 1110 2075 laevane
1142 2037 1321 2089 feratur,

289 2096 437 2148 Molpea
467 2099 621 2136 traiecti
653 2097 862 2136 summovit
892 2095 1053 2135 vulnere
1086 2096 1238 2148 cruris,

289 2154 582 2207 Contentusque
620 2156 709 2206 suga
747 2160 842 2194 est:
879 2165 1008 2205 neque
1051 2154 1154 2192 enim
1192 2153 1256 2192 dat
1294 2160 1448 2204 tempus

1290 2210 1508 2262 Ethemon3

201 2280 266 2312 170
289 2271 364 2311 Sed
397 2272 492 2310 furit
523 2277 591 2324 et,
624 2272 786 2324 cupiens
819 2270 895 2310 alto
927 2270 1020 2309 dare
1046 2270 1207 2310 vulnera
1238 2269 1361 2321 collo,
