1538 2496
118 115 205 159 270
335 128 533 151 Pommonus
671 112 885 148 METAMM
899 140 908 148 .
1492 0 1538 223 ἲ

237 225 474 277 Contingent
505 224 620 263 fletus
652 223 962 274 peregrinaeque
993 223 1157 264 haustus
1188 223 1379 264 harenae.
1519 222 1538 243 ’ἢ

238 284 374 324 Omnia
406 282 677 335 perdidimus:
709 287 918 334 superest,
951 294 1022 321 cur
1052 284 1182 322 vivere
1214 288 1368 335 tempus
1519 284 1522 287 ’

238 343 281 382 In
312 342 430 381 breve
462 342 677 381 sustineam
696 372 707 393 ,
738 339 868 391 proles
898 342 1119 392 gratissima
1150 343 1287 394 matri,
1517 238 1538 430 ξ

236 401 350 440 Nunc
382 399 487 439 solus
505 431 516 452 ‚
549 398 745 450 quondam
777 400 961 438 minimus
994 399 1041 439 de
1073 401 1196 452 stirpe
1227 400 1352 454 virili,
1524 431 1538 468 3

151 467 218 500 530
238 459 315 498 Has
342 459 455 498 datus
486 457 647 497 Ismario
679 459 764 509 regi
794 457 1012 509 Polydorus
1043 459 1085 498 in
1117 471 1228 497 oras.
1524 469 1538 516 Ἰ

239 517 340 564 Quid
372 529 505 556 moror
536 518 687 556 interea
719 516 892 556 crudelia
924 516 1085 556 vulnera
1115 516 1282 569 lymphis

237 575 406 615 Abluere
439 580 478 614 et
509 587 666 627 sparsos
697 576 826 614 inmiti
857 577 1047 626 sanguine
1079 572 1259 615 vultus?

237 634 369 688 Dixit,
402 639 441 674 et
471 634 517 673 ad
548 634 642 674 litus
673 646 790 686 passu
822 635 1016 686 processit
1046 634 1160 687 anili,
1527 619 1538 671 ἶ

237 693 422 733 Albentes
454 693 622 732 lacerata
654 705 813 732 comas.
853 689 956 732 ‘date
975 724 986 745 ,
1017 692 1220 746 Troades,
1251 689 1407 732 urnam'
1536 686 1538 692 ’

151 759 218 792 535
239 751 398 791 Dixerat
428 752 591 804 infelix,
622 751 789 802 liquidas
821 751 998 790 hauriret
1028 757 1073 790 ut
1103 751 1250 791 undas:

238 811 388 862 Aspicit
419 812 589 849 eiectum
619 810 802 861 Polydori
832 811 873 849 in
904 809 1019 848 litore
1052 822 1221 862 corpus,

239 869 432 920 Factaque
465 868 659 908 Threiciis
690 870 863 919 ingentia
894 868 1055 907 vulnera
1086 868 1196 908 telis.

238 928 411 967 Troades
443 927 686 967 exclamant.
725 926 922 966 obmutuit
951 926 1015 966 illa
1047 926 1204 980 dolore,

238 986 289 1026 Et
317 988 466 1038 pariter
497 998 613 1025 voces
644 986 903 1037 lacrimasque
934 987 1131 1025 introrsus
1162 985 1321 1026 obortas

152 1053 219 1086 540
240 1045 407 1084 Devorat
437 1046 521 1096 ipse
554 1044 694 1084 dolor:
726 1044 904 1096 duroque
937 1044 1131 1083 simillima
1163 1056 1255 1083 saxo

239 1104 387 1155 Torpet
405 1135 415 1155 ‚
448 1108 487 1142 et
518 1103 680 1143 adversa
710 1103 793 1154 figit
823 1102 938 1142 modo
970 1102 1117 1141 lumina
1150 1108 1279 1156 terra,
1532 1152 1538 1159 .

240 1162 442 1201 Interdum
474 1167 606 1200 torvos
637 1161 806 1201 sustollit
839 1161 886 1200 ad
918 1161 1078 1200 aethera
1108 1161 1262 1215 vultus,
1532 1166 1538 1212 <²

240 1220 353 1260 Nunc
385 1221 503 1272 positi
535 1225 686 1272 spectat
716 1220 895 1271 vultum,
929 1231 1035 1258 nunc
1066 1220 1228 1259 vulnera
1257 1221 1362 1273 nati,
1531 1213 1538 1266 ἱ

239 1278 408 1318 Vulnera
440 1280 681 1331 praecipue3
713 1291 834 1330 seque
865 1284 990 1318 armat
1021 1284 1061 1317 et
1090 1279 1253 1318 instruit
1282 1280 1362 1318 ira.
1523 1270 1538 1289 ‘³

152 1344 219 1377 545
241 1338 325 1383 Qua
357 1337 472 1377 simul
504 1339 675 1389 exarsit,
707 1342 905 1389 tamquam
935 1338 1070 1388 regina
1100 1342 1300 1390 maneret,

240 1396 385 1435 Ulcisci
417 1397 552 1435 statuit
583 1408 812 1447 poenaeque
844 1397 886 1435 in
917 1397 1084 1447 imagine
1116 1401 1198 1435 tota
1229 1401 1311 1435 est.

242 1454 369 1505 thue
402 1455 498 1493 furit
528 1454 656 1493 catulo
688 1454 856 1493 lactente
889 1453 1024 1493 orbata
1054 1453 1211 1507 leaena,

242 1513 438 1564 Signaque
472 1518 583 1552 nacta
613 1513 758 1564 pedum
791 1514 999 1564 sequitur,
1031 1524 1149 1563 quem
1180 1525 1259 1552 non
1290 1513 1416 1566 videt,
1533 1556 1538 1560 ,

1287 1571 1464 1624 hostem,
1531 1566 1538 1606 Ῑ.

242 1629 327 1680 [Sic
358 1629 519 1669 Hecuba
537 1661 548 1683 ‚
579 1635 788 1682 postquam
814 1642 904 1668 cum
931 1629 1041 1669 luctu
1071 1630 1231 1668 miscuit
1260 1630 1383 1683 iram,
1528 1634 1538 1674 j

154 1696 221 1728 550
240 1688 328 1727 Non
360 1688 478 1728 oblita
510 1689 729 1727 animorum
747 1719 759 1740 ,
791 1700 984 1727 annorum
1015 1686 1136 1727 oblita
1165 1700 1328 1727 suorum
1340 1687 1370 1740 ‚]
1532 1688 1538 1754 ἶ

242 1746 354 1786 Vadit
385 1747 432 1785 ad
464 1747 655 1786 artificem
686 1746 792 1785 dirae
811 1777 823 1799 ,
854 1746 1124 1798 Polymestora
1141 1777 1153 1799 ‚
1184 1746 1337 1798 caedis,

243 1805 566 1857 Colloquiumque
598 1807 726 1857 petit:
758 1817 847 1844 nam
879 1817 920 1844 se
953 1810 1172 1851 monstrare
1203 1804 1385 1844 relictum

243 1863 348 1903 Velle
380 1863 504 1903 latens
537 1864 592 1902 illi
610 1895 621 1916 ‚
653 1863 757 1915 quod
790 1869 879 1902 nato
911 1863 1125 1916 redderet,
1157 1875 1319 1903 aurum.

244 1922 417 1962 Credidit
448 1922 637 1974 Odrysius
656 1954 667 1975 ,
698 1922 944 1973 praedaeque
976 1926 1156 1961 assuetus
1188 1933 1319 1960 amore

157 1987 223 2019 555
244 1980 288 2019 In
320 1986 472 2020 secreta
503 1983 637 2020 venit.
677 1986 760 2019 tum
791 1980 932 2019 blando
965 1980 1127 2019 callidus
1159 1992 1228 2018 ore
1533 1998 1538 2025 ι

245 2036 369 2078 ‘Tolle
401 2051 529 2079 moras
547 2071 559 2091 ,
590 2038 749 2078 Hecuba
768 2070 779 2091 ‚
811 2035 864 2077 et'
897 2038 994 2077 dixit
1025 2035 1088 2077 eda
1119 2050 1282 2077 munera
1312 2044 1426 2078 nato.
1531 2037 1538 2067 ³

245 2096 369 2136 Omne
401 2098 484 2136 fore
515 2097 620 2137 illius
652 2097 756 2148 quod
789 2096 856 2136 das
874 2128 886 2150 ‚
919 2097 1023 2148 quod
1054 2102 1095 2136 et
1124 2102 1214 2136 ante
1245 2096 1410 2149 dedisti,

245 2154 322 2194 Per
353 2167 518 2207 superos
549 2157 637 2195 iuro
658 2152 683 2195 .'
720 2161 872 2207 spectat
903 2155 1126 2195 truculenta
1156 2155 1381 2206 loquentem

246 2212 434 2264 Falsaque
466 2215 661 2253 iurantem
679 2246 690 2267 ‚
722 2213 950 2265 tumidaque
982 2220 1183 2253 exaestuat
1213 2215 1294 2266 ira,

161 2280 227 2311 560
248 2271 375 2322 Atque
406 2273 459 2310 ita
491 2279 673 2324 correpto
706 2274 947 2324 captivarum
977 2274 1130 2324 agmina
1160 2278 1330 2312 matrum

247 2329 434 2383 invocat,
466 2335 505 2369 et
536 2330 678 2382 digitos
704 2332 745 2370 in
775 2331 924 2384 perfida
955 2331 1102 2370 lumina
1133 2330 1289 2384 condit,
