1538 2496
83 82 167 123 248
318 94 487 117 cam-aum
636 80 850 116 METAMM
864 108 871 116 .

201 192 352 231 Thesea
383 190 625 230 Demoleon:
658 189 780 228 solido
812 188 995 229 divellere
1029 189 1176 230 dudum

201 251 396 290 Annosam
427 251 563 301 pinum
595 259 733 299 magno
766 247 964 287 molimine
996 253 1183 302 temptat3

202 308 313 355 Quod
346 310 435 359 quia
467 319 544 346 non
576 308 732 359 potuit,
763 307 1022 358 praefractam
1053 308 1160 346 misit
1183 309 1224 347 in
1248 307 1423 349 hostem.

203 367 276 407 Sed
310 365 448 419 procul
479 378 499 404 a
534 364 608 404 telo
641 364 818 404 Theseus
849 367 1030 405 veniente
1061 367 1227 405 recessit

114 434 180 466 360
201 425 375 465 Pallados
408 424 638 476 admonitu3
672 423 778 463 credi
811 425 866 462 sic
898 425 982 475 ipse
1014 423 1188 464 volebat.

201 485 285 523 Non
317 489 447 522 tamen
480 481 595 522 arbor
627 484 734 521 iners
767 482 936 522 cecidit:
968 494 1058 522 nam
1090 482 1290 523 Crantoris
1323 483 1389 523 alti

200 541 374 581 Abscidit
404 541 537 592 iugulo
570 546 788 593 pectusque
821 553 1082 592 umerumque
1115 543 1341 582 sinistrum.

199 602 377 651 Armiger
409 599 473 638 ille
504 600 563 639 tui
594 600 722 639 fuerat
753 601 942 651 genitoris
960 631 972 653 ‚
1003 599 1174 653 Achille,

201 659 326 705 Quem
357 657 550 710 Dolopum
581 664 713 698 rector
743 657 845 697 bello
879 664 1088 710 superatus
1107 690 1118 711 ,
1149 659 1337 711 Amyntor

112 726 178 757 365
199 717 386 757 Aeacidae
419 716 581 756 dederat
610 718 717 768 pacis
748 718 969 768 pignusque
1001 717 1218 768 fidemque.

199 775 312 815 Hunc
343 776 483 827 procul
513 780 558 815 ut
588 775 702 814 foedo
735 775 944 815 disiectum
974 775 1135 815 vulnere
1166 775 1307 815 Peleus

199 834 331 888 Vidit,
363 831 433 873 “at
463 834 624 873 inferias
643 865 654 886 ,
685 835 872 875 iuvenum
904 835 1126 885 gratissime
1159 833 1348 887 Crantor,

199 889 373 945 Accipe''
406 894 487 946 ait,
519 892 724 944 validoque
756 894 796 932 in
828 892 1082 932 Demoleonta
1112 893 1259 933 lacerto

126 974 178 979 —-
199 952 430 991 Fraxineam
460 952 595 1004 misit,
628 952 770 991 mentis
804 963 960 1003 quoque
991 951 1140 991 viribus
1160 983 1172 1004 ,
1202 951 1377 1005 hastam,

111 1018 179 1050 370
201 1010 307 1056 Quae
339 1010 506 1050 laterum
539 1015 687 1049 cratem
717 1011 927 1063 perrupit,
959 1016 998 1049 et
1030 1009 1185 1050 ossibus
1215 1010 1383 1050 haerens

199 1069 435 1108 Intremuit.
474 1068 594 1108 trahit
624 1068 688 1108 ille
720 1080 838 1108 manu
871 1070 954 1108 sine
988 1069 1149 1121 cuspide
1181 1068 1354 1121 lignum:

199 1127 241 1166 Id
274 1140 430 1178 quoque
462 1129 525 1166 vix
557 1128 764 1179 sequitur3
797 1129 928 1179 cuspis
954 1127 1138 1178 pulmone
1165 1133 1318 1167 retenta
1343 1134 1424 1168 est.

199 1185 286 1237 lpse
319 1186 430 1225 dolor
461 1187 564 1224 vires
597 1186 725 1225 animo
758 1184 901 1225 dabat:
933 1197 1049 1238 aeger
1081 1187 1123 1225 in
1153 1185 1308 1226 hostem
1533 1212 1538 1253 3

199 1244 374 1296 Erigitur
392 1276 403 1298 ,
434 1243 679 1296 pedibusque
711 1245 840 1283 virum
870 1244 1074 1296 proculcat
1105 1246 1282 1296 equinis.
1532 1254 1538 1281 ι

112 1310 179 1341 375
199 1302 354 1355 Excipit
384 1302 448 1342 ille
479 1305 582 1342 ictus
614 1302 721 1354 galea
753 1303 957 1355 clipeoque
989 1308 1196 1356 sonantes,
1531 1299 1538 1353 1

198 1360 460 1413 Defensatque
493 1374 652 1401 umeros
670 1393 681 1414 ,
712 1367 995 1413 praetentaque
1028 1363 1198 1402 sustinet
1228 1374 1356 1402 arma:
1532 1361 1538 1411 ξ

198 1419 353 1471 Perque
386 1432 515 1459 armos
547 1432 625 1459 uno
659 1420 735 1459 duo
767 1427 928 1472 pectora
958 1421 1135 1472 perforat
1164 1421 1269 1461 ictu.
1532 1417 1538 1436 ³

199 1478 298 1517 Ante
331 1484 461 1518 tamen
492 1478 570 1517 leto
603 1478 763 1517 dederat
794 1479 1037 1529 Phlegraeon
1069 1485 1109 1518 et
1139 1478 1264 1530 Hylen
1532 1441 1538 1525 l

200 1536 364 1576 Eminus
383 1569 393 1589 ,
425 1536 634 1588 Iphinoum
666 1536 804 1575 collato
836 1536 960 1576 Marte
993 1536 1230 1588 Claninque.
1532 1543 1538 1638 4

113 1603 180 1634 380
200 1595 366 1634 Additur
397 1595 458 1634 his
489 1594 650 1646 Dorylas
669 1626 680 1646 ,
713 1596 780 1646 qui
811 1601 988 1646 tempora
1019 1600 1123 1634 tecta
1153 1595 1314 1647 gerebat

199 1653 305 1692 Pelle
336 1653 448 1705 lupi,
479 1655 661 1704 saevique
693 1654 818 1692 vicem
848 1655 1086 1704 praestantia
1118 1653 1186 1693 teli
1220 1664 1233 1682 ·
1533 1658 1538 1710 ζ

201 1712 355 1751 Cornua
386 1724 477 1751 vara
508 1711 628 1751 boum
659 1711 780 1751 multo
813 1711 1016 1751 rubefacta
1048 1724 1213 1752 cruore.
1532 1729 1538 1751 ι

200 1770 302 1809 Huic
334 1782 404 1822 ego
424 1802 435 1824 ,
472 1783 562 1809 nam
599 1771 702 1809 vires
741 1771 893 1809 animus
931 1770 1046 1809 dabat
1107 1767 1268 1822 “aspice
1287 1768 1314 1824 ,'
1347 1772 1424 1811 dixi
1534 1798 1538 1819 .

202 1826 415 1874 ‘Quantum
448 1829 663 1868 concedant
694 1836 830 1868 nostro
862 1836 929 1868 tua
961 1841 1085 1868 cornu
1140 1826 1278 1868 serro”

114 1895 180 1926 385
200 1887 250 1926 Et
280 1887 451 1927 iaculum
482 1889 608 1926 torsi.
648 1887 752 1938 quod
784 1900 873 1926 cum
904 1889 1026 1926 vitare
1058 1889 1265 1941 nequiret,

202 1945 395 1997 Opposuit
425 1946 602 1985 dextram
633 1958 820 1997 passurae
852 1945 1014 1985 vulnera
1045 1946 1188 1985 fronti.

201 2004 323 2042 Asfixa
354 2011 415 2043 est
447 2017 535 2044 cum
568 2005 696 2043 fronte
728 2016 896 2044 manus:
928 2005 971 2043 fit
1002 2004 1176 2044 clamor:
1208 2011 1247 2045 at
1276 2005 1385 2045 illum

200 2061 436 2102 Haerentem
468 2063 609 2102 Peleus
640 2069 680 2102 et
712 2062 853 2102 acerbo
885 2063 1048 2102 vulnere
1079 2065 1225 2103 victum
1257 2085 1313 2091 —

202 2119 336 2159 Stabat
363 2123 465 2160 enim
490 2123 651 2173 propior
672 2144 727 2150 —
747 2122 915 2161 mediam
940 2122 1032 2161 serit
1057 2134 1151 2161 ense
1177 2122 1250 2162 sub
1276 2122 1423 2161 alvum.

114 2187 180 2218 390
200 2178 417 2232 Prosiluit,
449 2186 633 2230 terraque
665 2181 776 2220 ferox
808 2193 878 2220 sua
909 2182 1059 2219 viscera
1090 2183 1230 2233 traxit,

200 2236 419 2288 Tractaque
452 2238 611 2277 calcavit
628 2270 639 2291 ,
672 2239 895 2290 calcataque
928 2241 1063 2291 rupit,
1096 2245 1134 2278 et
1164 2239 1240 2278 illis

202 2295 324 2334 Crura
357 2307 512 2347 quoque
545 2297 721 2347 impediit
754 2305 792 2336 et
823 2299 929 2336 inani
962 2297 1133 2337 concidit
1163 2297 1295 2337 alvo.·
