1554 2506
131 84 186 124 42
344 97 522 120 AGLAURUS
678 83 891 118 METAMM
908 109 915 118 .

247 194 331 232 Non
365 206 479 233 secus
512 195 683 245 exarsit,
715 204 829 243 quam
863 205 951 231 cum
982 191 1178 232 BalearIca
1208 192 1411 244 plumbum

248 252 380 291 Funda
412 254 530 290 iacit:
562 251 662 289 volat
693 250 787 290 illud
813 256 853 290 et
883 251 1124 290 incandescit
1155 251 1308 304 eundo,

246 310 296 349 Et
328 323 424 361 quos
456 322 533 348 non
565 309 729 361 habuit,
762 308 836 348 sub
869 309 1040 349 nubibus
1066 311 1215 349 invenit
1245 311 1376 361 ignes.

159 377 225 407 730
245 368 369 407 Vertit
399 371 474 407 iter
493 399 504 420 ‚
536 367 722 418 caeloque
754 369 855 419 petit
887 374 1044 407 terrena
1076 367 1236 420 relicto,

245 427 325 465 Nec
357 439 398 465 se
431 425 676 465 dissimulat.
715 432 820 466 tanta
852 433 913 465 est
943 427 1084 465 fiducia
1116 427 1288 466 formae.

246 486 352 531 Quae
373 496 607 535 quamquam
639 486 740 524 iusta
762 492 822 524 est
838 517 849 537 ‚
881 498 974 523 cura
1004 492 1134 524 tamen
1154 485 1309 525 adiuvat
1338 485 1466 538 illam,

245 543 545 594 Pei-mulcetque
567 555 696 583 comas
717 543 1037 595 chlamydemque
1055 576 1066 596 ‚
1098 550 1142 583 ut
1166 543 1335 596 pendeat
1354 551 1442 596 apte
1455 576 1466 597 ‚

246 601 418 641 Collocat
435 634 446 654 ,
479 607 523 640 ut
552 601 695 641 limbus
728 609 932 653 totumque
964 608 1148 654 appareat
1178 615 1342 655 aurum3

159 668 223 698 735
244 660 295 699 Ut
325 666 430 699 teres
462 662 502 699 in
535 661 670 700 dextra
689 693 699 713 ‚
733 673 807 712 qua
840 672 997 700 somnos
1029 661 1138 700 ducit
1168 667 1208 701 et
1238 668 1369 713 arcet,

244 717 357 770 Virga
389 720 467 771 sit3
494 725 539 758 ut
568 721 685 758 tersis
717 721 866 759 niteant
896 719 1030 757 talaria
1060 719 1224 771 plantis.

244 777 339 815 Pars
372 783 523 816 secreta
555 777 694 816 domus
726 777 844 816 ebore
868 765 1146 818 etxtestudine
1175 777 1301 817 cultos

242 835 340 874 Tres
372 835 507 875 habuit
538 835 725 875 thalamos
744 868 755 889 ,
788 848 955 887 quorum
987 842 1029 875 tu
1048 867 1060 888 ‚
1090 836 1313 888 Pandrose,

1205 895 1407 948 dextrum,

241 952 433 1004 Aglaurus
465 953 646 1006 laevum,
679 953 850 993 medium
880 953 1111 1005 possederat
1135 953 1281 993 Herse.

156 1019 222 1050 740
245 1011 351 1057 Quae
383 1013 511 1051 tenuit
541 1012 692 1051 laevum
712 1044 722 1064 ‚
755 1013 977 1051 venientem
1007 1013 1133 1063 prima
1164 1013 1313 1052 notavit

241 1069 479 1109 Mercurium
511 1082 733 1121 nomenque
766 1070 829 1109 dei
860 1072 1039 1109 scitarier
1070 1082 1163 1109 ausa
1195 1076 1256 1110 est

241 1127 291 1167 Et
322 1140 478 1167 causam
509 1129 696 1168 adventus
718 1160 726 1168 .
765 1130 829 1167 cui
861 1130 917 1167 sic
948 1129 1153 1180 respondit
1183 1128 1348 1168 Atlantis

241 1186 499 1237 Pleionesque
532 1199 683 1238 nepos:
716 1185 802 1238 ‘ego
836 1199 922 1226 sum
941 1219 952 1239 ,
985 1189 1052 1237 qui
1082 1189 1188 1227 iussa
1218 1200 1290 1239 per
1321 1199 1436 1228 auras

241 1244 366 1283 Verba
398 1247 520 1296 patris
552 1251 667 1296 porto
688 1276 696 1284 .
734 1251 846 1297 pater
878 1251 938 1284 est
968 1245 1063 1284 mihi
1089 1245 1266 1297 Iuppiter
1297 1248 1404 1298 ipse.

155 1312 221 1343 745
242 1303 323 1342 Nec
354 1304 497 1354 fingam
530 1316 695 1343 causas:
726 1311 766 1343 tu
801 1309 952 1343 tantum
985 1303 1059 1342 fida
1091 1305 1218 1343 sorori

241 1361 338 1400 Esse
370 1362 465 1401 velis
496 1362 695 1414 prolisque
729 1375 836 1401 meae
869 1368 1079 1401 matertera
1111 1362 1210 1402 dici.

240 1420 364 1459 Herse
397 1433 512 1459 causa
543 1422 654 1460 viae.
693 1422 820 1459 faveas
853 1433 1009 1460 oramus
1041 1423 1184 1460 amanti
1198 1417 1223 1460 ‚⁹

241 1480 390 1530 Aspicit
420 1479 525 1517 hunc
557 1479 681 1518 oculis
713 1479 836 1518 isdem
857 1511 867 1531 ‚
900 1479 1042 1530 quibus
1074 1479 1202 1518 abdita
1235 1492 1362 1532 nuper

241 1536 397 1576 Viderat
427 1537 618 1588 Aglaurus
650 1538 768 1576 ssavae
801 1545 952 1577 secreta
976 1538 1194 1590 Minervae,

155 1605 220 1636 750
240 1596 396 1647 Proque
428 1598 646 1635 ministerio
679 1598 808 1647 magni
840 1596 913 1635 sibi
944 1596 1130 1647 ponderis
1161 1609 1301 1637 aurum

240 1654 445 1693 Postulat:
476 1656 627 1694 interea
658 1657 774 1694 tectis
807 1655 996 1694 excedere
1030 1657 1155 1706 cogit.

242 1712 365 1751 Vertit
395 1712 442 1751 ad
474 1713 574 1752 hanc
606 1715 707 1753 torvi
738 1714 808 1752 dea
840 1713 978 1752 bellica
1009 1713 1168 1753 luminis
1200 1714 1359 1768 orbem,

241 1771 290 1810 Et
321 1777 429 1810 tanto
461 1773 620 1822 penitus
651 1773 770 1812 traxit
801 1773 969 1824 suspiria
1001 1779 1133 1824 motu,

241 1829 292 1868 Ut
321 1831 469 1880 pariter
499 1837 638 1881 pectus
669 1832 914 1882 positamque
946 1832 986 1869 in
1017 1837 1179 1882 pectore
1211 1832 1303 1871 sorti

155 1897 220 1926 ‘³55
241 1888 384 1938 Aegida
416 1894 647 1928 concuteret
666 1921 674 1928 .
713 1888 839 1940 [subit
856 1921 867 1941 ‚
898 1889 998 1927 hanc
1030 1901 1170 1935 areana
1199 1891 1363 1942 profana

243 1946 444 1985 Detexisse
476 1959 593 1986 manu
625 1954 708 1987 tum
727 1979 738 2001 ,
770 1960 859 1987 cum
892 1950 975 1987 sine
1007 1953 1132 1986 matre
1165 1954 1335 1988 creata-m

241 2003 484 2044 Lemnicolae
516 2007 681 2057 stirpem
713 2013 848 2046 contra
881 2006 967 2046 data
999 2006 1156 2045 foedera
1187 2007 1304 2047 vidit:

242 2062 291 2101 Et
321 2068 547 2114 gratamque
580 2064 652 2104 deo
685 2066 768 2104 sore
800 2067 875 2104 iam
907 2071 1134 2116 gratamque
1166 2067 1317 2118 sorori,

241 2120 291 2159 Et
322 2121 441 2160 ditem
473 2130 628 2173 sumpto
647 2155 658 2176 ‚
691 2124 794 2174 quod
827 2136 939 2162 avara
970 2130 1233 2178 poposcerat,
1265 2137 1360 2164 auro
1376 2123 1403 2175 .]

156 2188 221 2219 760
241 2179 427 2218 Protinus
458 2179 627 2219 Invidiae
660 2183 771 2233 nigro
805 2182 1021 2233 squalentia
1054 2181 1144 2221 tabo

241 2237 360 2276 Tecta
390 2240 518 2289 petit.
556 2239 694 2278 domus
727 2247 787 2279 est
817 2242 905 2280 imis
937 2243 976 2280 in
1009 2239 1172 2280 vallibus
1204 2241 1321 2281 huius

242 2295 408 2348 Abdita,
439 2295 519 2335 sole
553 2309 721 2348 carens,
754 2311 831 2337 non
865 2299 931 2338 ulli
963 2300 1096 2350 pervia
1129 2306 1269 2352 vento,
