1538 2496
144 135 227 177 326
349 149 411 172 mv
426 162 434 171 .
460 147 576 171 mnus
695 133 910 168 METAMM
923 160 932 168 .

259 245 431 296 Pori-igit
461 244 641 295 aequales
686 243 812 282 media
846 243 984 282 tellure
1017 243 1183 283 lacertos

260 304 346 343 Huc
378 316 419 342 se
452 303 499 342 de
531 302 639 340 Latia
671 304 766 353 pinu
798 301 1019 341 Phoebeius
1052 303 1188 353 anguis

261 362 461 414 Contulit,
494 366 533 400 et
564 362 681 399 linem
713 362 844 412 specie
876 360 1042 399 caeleste
1075 366 1276 412 resumpta

260 420 448 460 Luctibus
481 420 668 470 imposuit
700 421 884 470 venitque
917 418 1094 459 salutifer
1126 418 1241 458 Urbi.

174 487 240 519 745
320 478 392 517 llic
423 483 553 517 tamen
586 479 751 516 accessit
783 477 957 517 delubris
989 478 1135 517 adv-ena
1166 478 1335 517 nostris:

262 537 402 577 Caesar
433 538 474 575 in
505 535 610 575 Urbe
642 548 713 575 sua
744 536 841 575 deus
874 542 961 576 est.
1001 549 1118 588 quem
1155 536 1279 575 Marte
1317 542 1483 587 togaque

259 597 522 647 Praecipuum
554 607 633 633 non
664 594 764 634 bella
796 597 917 646 magis
950 596 1058 634 linita
1090 595 1299 647 triumphis
1372 589 1378 597 ’

260 655 417 705 Resque
449 653 555 692 domi
585 659 718 704 gestae
749 659 1035 705 properataque
1068 653 1189 705 gloria
1221 665 1355 692 reruni

259 713 303 752 In
335 712 443 751 sidus
475 717 629 751 vertere
661 724 804 751 novum
836 712 1064 764 stellamque
1096 718 1338 763 comantem,

174 780 240 812 ⁷50
262 771 387 818 Quam
417 782 488 810 sua
518 772 755 822 progenies.
795 783 923 822 neque
961 773 1065 810 enim
1096 771 1143 810 de
1181 770 1357 809 Caesaris
1389 771 1482 810 actis

260 830 390 870 Ullum
421 831 547 869 maius
579 842 678 881 opus
696 861 708 882 ,
741 842 855 880 quam
894 830 999 881 quod
1034 835 1144 881 pater
1183 830 1311 869 extitit
1341 828 1482 868 huius.

263 889 421 929 Scilicet
452 900 668 939 aequoreos
699 888 788 940 plus
821 894 882 927 est
913 889 1110 940 domuisse
1142 887 1374 941 Britannos,

261 948 416 999 Perque
448 947 662 1000 papyriferi
694 947 965 999 semptemssua
996 947 1157 986 flumina
1187 946 1266 986 Nili

261 1006 451 1046 Victrices
484 1008 609 1057 egisse
642 1011 746 1045 rates
765 1038 776 1058 ,
808 1006 1074 1057 Numidasque
1106 1005 1274 1045 rebelles

176 1073 243 1105 755
264 1065 579 1116 Cinyphiumque
611 1064 746 1104 Iubam
777 1064 1114 1116 Mithridateisque
1146 1069 1363 1103 tumentem

261 1123 493 1163 Nominibus
524 1123 694 1162 Pontum
725 1123 869 1175 populo
903 1123 1090 1162 adiecisse
1124 1122 1302 1175 Quirini,

262 1182 313 1222 Et
343 1181 487 1221 multos
519 1183 711 1220 meruisse
731 1213 741 1233 ‚
773 1182 923 1232 aliquos
957 1183 1082 1232 egisse
1114 1180 1357 1233 triumphos,

264 1241 389 1288 Quam
421 1246 572 1280 tantum
603 1241 786 1292 genuisse
818 1242 946 1279 virum
965 1238 986 1279 ‘?
1019 1252 1095 1292 quo
1133 1239 1313 1292 praeside
1351 1251 1484 1278 rerum

262 1300 440 1339 Humano
474 1300 638 1351 generi,
670 1301 833 1351 superi,
865 1299 1014 1338 favistis
1046 1298 1222 1338 abunde.

176 1368 244 1400 760
263 1359 319 1398 Ne
353 1359 455 1397 foret
485 1358 549 1396 hic
580 1359 700 1409 igitur
732 1357 888 1396 mortali
919 1359 1067 1397 semine
1100 1363 1256 1410 cretuS,

262 1417 330 1457 [lle
363 1417 459 1456 deus
492 1416 693 1456 faciendus
726 1422 837 1456 erat.
877 1416 980 1467 quod
1013 1422 1058 1456 ut
1088 1428 1206 1456 aurea
1235 1416 1332 1456 vidit

263 1476 416 1515 Aeneae
448 1477 655 1528 genetrix,
687 1475 782 1514 vidit
814 1487 970 1526 quoque
1005 1477 1115 1514 triste
1146 1476 1276 1527 parari

262 1534 442 1574 Pontifici
472 1533 594 1572 letum
625 1539 665 1572 et
696 1535 896 1573 coniurata
929 1546 1035 1572 arma
1065 1535 1234 1586 moveri,

262 1592 406 1632 Palluit
437 1598 476 1632 et
507 1593 660 1631 cunctis
678 1623 689 1644 ,
722 1598 766 1631 ut
798 1593 939 1643 cuique
972 1598 1056 1631 erat
1088 1591 1198 1630 obvia
1216 1623 1227 1644 ,
1259 1592 1356 1631 divis

177 1660 243 1692 765
265 1649 420 1703 ‘Aspice
439 1648 466 1703 ,⁹
499 1650 653 1690 dicebat
679 1647 839 1701 ‘quanta
869 1650 965 1689 mihi
995 1650 1096 1689 mole
1127 1656 1317 1702 parentur

264 1709 430 1749 Insidiae
450 1741 461 1762 ,
493 1715 717 1760 quantaque
750 1715 868 1760 caput
893 1721 983 1748 cum
1014 1709 1150 1748 fraude
1182 1714 1363 1761 petatur,

266 1768 377 1815 Quod
410 1768 458 1807 de
489 1767 681 1807 Dardanio
715 1767 842 1807 solum
872 1768 967 1806 mihi
992 1773 1115 1807 restat
1145 1767 1251 1807 Iulo.

266 1827 406 1867 Solane
439 1839 594 1878 semper
627 1839 693 1865 ero
726 1828 841 1866 iustis
874 1817 1211 1866 exercisffluris‘?

267 1887 392 1932 Quam
423 1886 538 1925 modo
570 1885 741 1937 Tydidae
775 1884 982 1936 Calydonia
1012 1885 1193 1924 vulneret
1222 1884 1352 1937 hasta,

180 1954 246 1986 770
265 1945 378 1984 Nunc
410 1945 508 1984 male
542 1945 724 1983 defensae
757 1944 997 1983 confundant
1028 1945 1181 1982 moenia
1211 1943 1375 1982 Troiae:

267 2004 374 2050 Quae
405 2003 555 2043 videam
588 2008 722 2042 natum
753 2002 878 2054 longis
911 2002 1112 2041 erroribus
1145 2007 1276 2041 actum

267 2062 483 2113 iactarique
517 2063 617 2101 freto
650 2061 841 2112 sedesque
873 2063 1020 2100 intrare
1051 2060 1259 2113 silentum,

265 2120 449 2171 Bellaque
481 2133 572 2160 cum
602 2121 736 2160 Turno
770 2132 907 2171 gerere
926 2151 937 2172 ,
969 2125 1064 2171 aut,
1101 2121 1136 2158 si
1173 2131 1264 2158 vera
1295 2119 1487 2172 fatemur,

269 2179 365 2218 Cum
398 2179 546 2218 lunone
578 2182 699 2230 magis
719 2176 740 2218 Ῥ
773 2179 864 2230 quid
897 2190 1002 2218 nunc
1033 2179 1193 2228 antiqua
1224 2177 1411 2216 recordor

181 2246 247 2278 775
268 2237 414 2276 Damna
445 2239 522 2276 mei
553 2239 708 2289 generis
729 2235 749 2276 ’ἓ
783 2239 898 2276 timor
929 2237 993 2276 hic
1025 2238 1250 2275 meminisse
1281 2237 1458 2287 priorum

266 2296 353 2335 Non
386 2297 479 2335 sinit
498 2327 506 2335 .
545 2298 585 2334 in
617 2309 678 2335 me
711 2298 797 2335 acui
830 2296 1041 2336 sceleratos
1074 2296 1234 2334 cernitis
1267 2306 1403 2333 enses.

268 2355 374 2402 Quos
412 2353 648 2407 prohibete,
685 2367 856 2409 precor,
888 2356 1117 2405 facinusque
1154 2352 1360 2406 repellite!
1391 2363 1488 2391 neve
