1527 2580
618 131 724 176 VIII,
753 135 935 167 132-204
951 159 957 166 .
1079 145 1260 170 »sanstus
1383 135 1463 176 155

241 240 328 286 Quo
359 247 566 292 postquam
598 244 790 291 geminam
823 243 925 281 tauri
957 243 1187 293 iuvenisque
1219 244 1381 294 figuram

157 306 221 337 170
242 298 418 352 Clausit,
450 306 489 338 et
519 300 661 338 Actaeo
693 300 752 339 bis
784 307 938 351 pastum
971 303 1159 352 sanguiue
1191 309 1409 343 monstrum

241 357 374 397 Tertia
407 369 494 396 sors
526 360 637 397 annis
669 358 819 397 domuit
851 361 1017 410 repetita
1049 361 1235 413 novenis;

242 415 369 467 thue
402 429 475 468 ope
507 418 679 467 virginea
712 417 827 455 nullis
859 420 996 457 iterata
1029 419 1206 469 priorum

242 474 358 514 Ianua
390 474 560 514 difficilis
592 475 655 513 filo
688 481 749 514 est.
779 478 934 515 inventa
966 477 1136 516 relecto:

241 533 426 572 Protinus
458 533 624 585 Aegides
657 540 765 585 rapta
797 534 964 574 Minoide
998 535 1106 574 Diam

156 599 220 630 175
243 591 332 630 Vela
364 591 501 645 dedit,
534 594 795 644 comitemque
829 605 938 632 suam
971 594 1142 633 crudelis
1172 595 1213 634 in
1245 594 1309 633 illo

240 649 374 689 Litore
401 650 608 690 destituit.
647 651 825 690 desertae
858 659 898 690 et
929 652 1049 691 multa
1081 655 1265 703 querenti

240 709 451 760 Amplexus
483 715 523 749 et
555 722 668 761 opem
700 709 817 749 Liber
849 710 967 762 tulit3
1000 717 1122 762 utque
1153 713 1317 763 perenni

243 767 380 807 Sidere
413 767 515 807 clara
548 769 679 820 foret,
711 775 906 820 sumptam
938 769 986 808 de
1019 770 1147 809 fronte
1180 781 1364 809 coronam

241 826 394 866 Inmisit
425 827 559 866 caelo.
600 833 740 866 tenues
771 827 873 866 volat
904 827 968 866 illa
1000 840 1070 879 per
1102 840 1242 881 auras,

156 892 220 924 180
241 884 420 936 Dumque
454 885 584 938 volat,
615 897 791 937 gemmae
822 887 966 926 nitidos
998 892 1206 927 vertuntur
1237 889 1278 926 in
1329 897 1458 922 mxxv.

1179 947 1290 996 ignes

241 1001 551 1054 Consistuntque
583 1002 669 1041 loco
687 1034 699 1056 ,
731 1005 864 1054 specie
897 1009 1125 1043 remanente
1157 1015 1348 1057 coronae,

242 1060 318 1107 Qui
349 1061 501 1100 medius
527 1060 695 1112 Nixique
727 1073 831 1113 genu
863 1068 953 1114 est,
983 1062 1240 1114 Anguemque
1271 1065 1461 1102 tenentis.

300 1119 490 1159 Daedalus
521 1121 673 1159 interea
705 1119 849 1160 Creten
881 1120 1120 1172 longumque
1150 1132 1318 1173 perosus

240 1177 409 1217 Exilium
440 1184 648 1229 tactusque
680 1178 756 1218 loci
787 1178 925 1218 natalis
957 1191 1112 1231 amore,

155 1244 220 1277 185
242 1236 406 1276 Clausus
438 1242 523 1276 erat
547 1237 683 1289 pelago
704 1268 713 1277 .
753 1234 895 1277 ‘terras
926 1234 1034 1277 licet'
1065 1239 1194 1289 inquit
1226 1235 1281 1277 ‘et
1312 1238 1435 1278 undas

242 1295 458 1335 Obstruat:
490 1301 529 1334 at
561 1295 710 1335 caelum
743 1302 851 1335 certe
882 1301 1017 1348 patet.
1055 1296 1199 1335 ibimus
1230 1295 1340 1336 illac.

241 1353 380 1394 Omnia
410 1354 637 1407 possideat,
669 1367 746 1394 non
779 1355 955 1406 possidet
979 1358 1068 1394 aera
1099 1355 1225 1394 Minos
1239 1351 1264 1393 .'

241 1412 373 1466 Dixit,
405 1419 445 1452 et
474 1415 627 1464 ignotas
659 1415 832 1453 animum
863 1413 1025 1452 dimittit
1054 1414 1095 1452 in
1127 1419 1254 1466 artes,

241 1471 506 1523 Naturamque
539 1478 687 1512 novat.
726 1484 816 1511 nam
847 1474 958 1523 ponit
987 1473 1027 1511 in
1060 1471 1196 1511 ordine
1227 1483 1400 1523 pennas,

155 1538 220 1570 190
242 1530 290 1580 [A
322 1532 482 1569 minima
513 1536 671 1582 coeptas
690 1562 701 1583 ,
731 1530 886 1582 longam
918 1530 1097 1570 breviore
1129 1532 1310 1581 sequenti
1322 1530 1350 1583 ,]

241 1588 293 1628 Ut
323 1588 422 1628 clivo
455 1591 626 1628 crevisse
656 1596 802 1641 putes:
835 1591 891 1628 sic
923 1591 1071 1628 rustica
1103 1588 1299 1640 quondam

241 1647 388 1687 Fistula
420 1647 642 1700 disparibus
673 1648 859 1699 paulatim
892 1649 1019 1698 surgit
1050 1649 1205 1687 avenis.

242 1706 344 1746 Tum
377 1705 455 1745 lino
488 1705 636 1745 medias
668 1712 708 1745 et
739 1706 1002 1757 cerisalligat
1032 1707 1152 1758 imas,

241 1766 368 1816 Atque
399 1766 452 1804 ita
485 1766 721 1816 compositas
752 1776 870 1816 parvo
903 1766 1127 1804 curvamine
1158 1763 1304 1814 flectit,

157 1831 221 1863 195
243 1823 293 1862 Ut
325 1834 437 1862 veras
468 1825 644 1862 imitetur
676 1834 793 1862 aves.
832 1835 932 1874 puer
962 1822 1096 1861 Icarus
1128 1833 1206 1861 una

243 1881 380 1921 Stabat
411 1887 478 1934 et,
509 1884 670 1933 ignarus
701 1893 771 1921 sua
803 1893 845 1920 se
877 1886 1045 1920 tractare
1077 1880 1246 1932 pericla,

242 1940 320 1980 Ore
352 1939 548 1979 renidenti
580 1940 694 1979 modo
726 1951 822 1991 quas
854 1952 947 1990 vaga
972 1945 1147 1978 moverat
1177 1950 1293 1991 aura,

242 1998 429 2050 Captabat
459 1999 610 2051 plumas
630 2031 641 2052 ‚
671 1999 807 2037 ssavam
840 1998 953 2036 modo
985 1998 1125 2049 pollice
1158 2008 1287 2036 ceram

241 2056 414 2096 Mollibat
431 2089 442 2109 ,
473 2058 641 2109 lusuque
674 2069 745 2097 suo
778 2056 953 2096 mirabile
984 2058 1106 2108 patriS

155 2123 222 2156 200
242 2115 481 2168 Impediebat
513 2128 639 2167 opus.
678 2122 885 2167 postquam
918 2127 1056 2154 manus
1087 2114 1224 2154 ultima
1255 2115 1404 2167 coeptis

241 2174 414 2226 Inposita
446 2180 535 2227 est,
567 2176 741 2226 geminas
773 2175 903 2225 opifex
935 2173 1090 2213 libravit
1120 2175 1160 2212 in
1192 2172 1270 2212 alas

241 2234 331 2285 Ipse
363 2245 479 2272 suum
511 2245 655 2284 corpus
672 2264 684 2286 ‚
716 2239 898 2284 motaque
929 2232 1117 2285 pependit
1146 2233 1185 2271 in
1218 2243 1333 2271 aura.

241 2291 408 2331 Instruit
438 2298 478 2331 et
510 2297 672 2344 natum,
706 2288 863 2330 ‘medio’
896 2303 973 2342 que
1006 2288 1066 2331 ‘ut
1096 2291 1217 2330 limite
1249 2301 1386 2329 curras
1397 2321 1408 2342 ,

242 2349 350 2390 Icare
369 2347 396 2403 ‚²
429 2351 481 2389 ait
513 2347 697 2403 εῐῐιοιιεο,
730 2361 778 2390 ne
797 2381 809 2403 ,
840 2351 874 2389 si
905 2350 1112 2390 demissior
1142 2349 1216 2388 ibis
1227 2380 1240 2401 ‚
