1527 2580
584 106 615 141 V
628 135 637 152 ,
664 111 847 144 62-134.
1027 122 1172 146 pensem
1327 111 1378 153 92

165 214 269 256 Ense
309 217 410 258 iacet
441 217 643 269 Clymeni:
675 218 941 258 Prothoenora
978 221 1149 271 percutit
1180 219 1382 273 Hypseus,

166 274 318 327 Hypsea
349 275 568 328 Lyncides.
608 277 682 316 suit
712 284 750 317 et
781 277 1021 329 grandaevus
1053 279 1092 317 in
1124 278 1198 317 illis

80 339 144 372 100
164 332 370 374 Emathion
389 366 400 387 ,
432 336 545 386 aequi
578 335 703 374 cultor
736 336 972 388 timidusque
1004 336 1189 389 deorum

165 391 240 438 Qui
259 424 270 444 ,
302 393 484 445 quoniam
515 393 726 445 prohibent
757 397 846 434 anni
878 394 1051 448 bellare,
1081 395 1276 446 loquendo

164 450 317 502 Pugnat
347 457 387 490 et
418 453 579 491 incessit
610 451 875 503 scelerataque
909 453 1070 493 devovet
1101 466 1205 493 arma

164 507 264 549 Huic
297 509 475 550 Chromis
507 510 683 562 amplexo
717 511 893 551 tremulis
926 511 1058 551 altaria
1089 512 1225 564 palmis

164 567 322 608 Decutit
352 580 445 608 ense
478 574 623 621 caput3
656 569 759 620 quod
790 572 970 622 protinus
1001 571 1137 610 incidit
1168 582 1255 609 arae

78 631 142 664 105
163 626 290 677 Atque
321 625 375 667 ibi
407 628 623 667 semianimi
656 627 772 667 verba
803 631 1045 668 exsecrantia
1076 629 1206 680 lingua

163 683 322 737 Edidit,
354 691 394 724 et
423 685 573 724 medios
605 687 770 725 animam
804 688 991 738 expiravit
1022 689 1062 726 in
1093 689 1224 738 ignes.

162 742 263 782 Hinc
294 744 438 794 gemini
470 744 611 784 fratres
642 744 883 795 Broteasque
921 750 961 784 et
992 745 1186 784 caestibus
1218 746 1380 785 Ammon

164 801 336 841 Invictus
354 834 366 853 ,
398 804 499 841 vinci
531 804 564 842 si
596 809 757 854 possent
788 802 983 842 caestibus
1016 815 1152 856 enses,

161 859 310 900 Phinea
343 861 519 900 cecidere
552 873 668 901 manu
687 893 698 913 ,
730 860 962 913 Cererisque
995 862 1176 901 sacerdos

76 924 142 956 110
161 919 357 970 Ampycus
375 950 386 971 ,
417 918 561 959 albenti
593 919 741 959 velatus
773 926 948 971 tempora
979 922 1095 959 vitta.

161 977 221 1016 Tu
243 989 398 1028 quoque
417 1009 428 1030 ,
459 976 684 1029 Lampetide
704 1009 714 1030 ,
746 990 824 1016 non
844 977 914 1017 hos
934 977 1177 1017 adhibendus
1197 977 1243 1016 ad
1265 990 1358 1017 usus
1372 1010 1382 1029 ,

163 1035 239 1074 Sed
271 1036 368 1088 qui,
398 1037 506 1087 pacis
537 1048 635 1087 opus
654 1067 665 1088 ,
697 1036 884 1075 citharam
922 1048 1012 1075 cum
1051 1048 1144 1075 voce
1182 1048 1381 1087 moveres,

162 1093 297 1133 iussus
328 1105 415 1133 eras
448 1093 646 1133 celebrare
680 1094 796 1145 dapes
828 1095 1050 1145 festumque
1083 1094 1280 1133 canendo.

163 1151 234 1192 Cui
264 1152 402 1203 procul
435 1153 575 1191 astanti
607 1151 878 1203 plectrumque
910 1152 1053 1191 inbelle
1087 1154 1234 1192 tenenti

76 1215 141 1247 115
161 1210 336 1250 Pettalus
361 1210 530 1250 irridens
563 1208 722 1262 ‘Stygiis
754 1222 849 1249 cane
881 1208 1026 1250 cetera'
1058 1211 1154 1250 dixit

163 1265 372 1308 ‘Manibus'
406 1274 446 1308 et
475 1268 582 1308 laevo
614 1280 843 1307 mucronem
875 1275 1050 1320 tempore
1083 1269 1186 1308 fixit.

162 1327 369 1380 Concidit,
400 1332 441 1367 et
471 1326 602 1378 digitis
633 1326 891 1366 morientibus
922 1327 986 1366 ille
1018 1333 1189 1366 retentat

162 1385 241 1425 Fila
272 1385 406 1437 lyrae3
438 1397 609 1436 casuque
640 1385 715 1424 fuit
745 1384 963 1425 miserabile
996 1397 1175 1424 carmen.

161 1443 241 1483 Nec
273 1445 367 1483 sinit
396 1443 502 1483 hunc
526 1445 673 1495 inpune
706 1444 815 1483 ferox
848 1443 1034 1482 cecidisse
1067 1442 1299 1496 Lycormas,

76 1508 141 1541 120
161 1502 362 1554 Raptaque
394 1501 442 1541 de
473 1502 611 1541 dextro
643 1501 805 1541 robusta
835 1501 1019 1553 repagula
1050 1503 1153 1553 posti

162 1560 325 1600 Ossibus
356 1560 479 1600 inlisit
509 1560 658 1600 mediae
691 1561 882 1599 cervicis.
921 1566 959 1599 at
989 1559 1052 1599 ille

161 1618 380 1659 Procubuit
411 1625 538 1659 terrae
570 1620 727 1658 mactati
758 1631 866 1658 more
897 1620 1073 1658 iuvenci.

162 1677 326 1717 Demere
358 1677 573 1729 temptabat
602 1677 699 1716 laevi
732 1689 888 1728 quoque
920 1676 1062 1715 robora
1091 1678 1216 1728 postis

162 1735 374 1787 Cinyphius
405 1735 587 1774 Pelates:
620 1737 825 1787 temptanti
856 1735 1015 1774 dextera
1046 1735 1120 1774 fixa
1156 1742 1217 1774 est

75 1801 140 1833 126
163 1794 333 1846 Cuspide
364 1793 618 1833 Marmaridae
652 1793 838 1846 Corythi,
870 1793 1053 1844 lignoque
1085 1792 1278 1832 cohaesit.

161 1852 347 1892 Haerenti
377 1851 478 1892 latus
510 1852 640 1891 bausit
671 1851 801 1890 Abas:
832 1863 904 1890 nec
937 1852 1087 1890 corruit
1116 1851 1204 1903 ille,

162 1910 238 1950 Sed
270 1912 464 1950 retinente
495 1922 653 1950 manum
685 1911 857 1950 moriens
889 1922 909 1948 e
940 1915 1052 1961 poste
1083 1909 1290 1961 pependit.

162 1969 361 2008 Sternitur
393 1974 433 2008 et
462 1968 661 2008 Menaleus
679 2000 691 2020 ,
721 1968 880 2007 Perseia
912 1973 1038 2006 castra
1069 1972 1250 2019 secutus,

161 2026 212 2066 Et
241 2026 510 2066 Nasamoniaci
540 2026 701 2078 Dorylas
733 2026 949 2065 ditissimus
981 2026 1086 2077 agri3

75 2093 142 2125 130
160 2084 275 2124 Dives
307 2086 389 2136 agri
420 2084 579 2136 Dorylas
598 2117 609 2138 ,
641 2096 718 2136 quo
750 2096 829 2123 non
859 2083 1088 2135 possederat
1119 2083 1215 2123 alter

160 2142 294 2182 Latius
312 2175 323 2194 ‚
355 2149 422 2182 aut
452 2142 614 2182 totidem
647 2142 805 2182 tollebat
835 2143 934 2181 turis
967 2153 1150 2181 acervos.

161 2201 285 2241 Huius
310 2202 351 2240 in
383 2200 539 2253 obliquo
571 2202 734 2240 missum
765 2202 875 2239 stetit
904 2201 1063 2252 inguine
1095 2200 1267 2252 ferrum3

161 2259 307 2299 Letiler
339 2258 402 2298 ille
434 2259 573 2298 locus.
612 2271 728 2310 quem
758 2264 966 2311 postquam
998 2257 1169 2298 vulneris
1202 2264 1338 2297 auctor

162 2317 445 2370 singultantem
478 2318 644 2357 animam
676 2323 715 2357 et
746 2322 964 2357 versantem
994 2316 1140 2356 lumina
1173 2316 1266 2356 vidit
