1538 2496
90 132 114 174 3
123 134 173 172 14
291 144 517 167 rr‘rnmous
641 129 856 164 METAMM
869 154 880 167 .

207 242 270 282 Vis
303 243 383 281 sera
417 246 650 292 ventorum,
683 240 809 278 caecis
841 238 991 278 inclusa
1023 239 1221 290 cavernis,

119 309 186 340 300
207 300 416 352 Exspirare
451 299 577 349 aliqua
609 299 772 349 cupiens
791 329 802 350 ,
834 297 1058 348 luctataque
1091 297 1237 337 frustra

207 359 406 398 Liberiore
440 358 518 396 frui
550 356 655 395 caelo
673 388 685 409 ,
717 368 806 395 cum
838 368 997 395 carcere
1029 357 1127 394 rima

206 418 317 456 Nulla
349 417 450 455 soret
482 420 562 454 toto
595 427 668 454 nec
698 416 831 466 pervia
862 414 1020 454 flatibus
1052 419 1181 468 esset,

205 476 411 514 Extentam
443 474 646 513 tumefecit
676 473 869 526 humum,
896 485 968 512 ceu
1000 474 1163 525 spiritus
1195 474 1274 513 oris

206 534 384 572 Tendere
418 534 586 571 vesicam
618 531 718 571 solet
748 538 815 572 aut
846 532 997 584 direpta
1029 531 1202 571 bicornis

118 600 184 632 305
205 593 331 643 Terga
365 593 500 643 capri.
539 597 670 630 tumor
700 590 764 630 ille
797 591 871 630 loci
902 592 1147 644 permansit,
1180 595 1220 630 et
1249 589 1313 630 alti

206 651 322 690 Collis
353 650 471 688 habet
501 651 673 701 speciem
689 681 701 702 ,
733 649 928 701 longoque
960 649 1138 689 induruit
1169 661 1284 688 aevo.

205 710 376 749 Plurima
409 721 498 747 cum
524 708 690 747 subeant
721 708 852 747 audita
884 714 924 747 et
956 710 1110 759 cognita
1142 707 1279 761 nobis,

206 769 332 807 Pauca
364 780 484 819 super
515 768 712 806 referam.
751 767 845 818 quid
864 764 886 806 P
917 778 995 806 non
1028 772 1067 806 et
1097 766 1252 818 lympha
1283 767 1427 818 figuras

206 827 355 877 Datque
377 828 556 877 capitque
577 837 695 864 novas
715 822 737 864 ?
761 825 889 864 medio
916 831 982 865 tua
1000 857 1011 878 ‚
1039 827 1220 876 corniger
1239 825 1426 879 Ammon,

117 892 184 924 310
205 885 314 924 Unda
346 885 408 924 die
440 884 566 936 gelida
598 890 686 936 est,
719 890 887 936 ortuque
920 884 1108 935 obituque
1140 883 1320 924 calescit.

206 945 381 983 Admotis
412 943 645 982 Athamanas
677 945 788 994 aquIs
821 943 1036 982 accendere
1067 942 1216 994 lignum

206 1003 396 1042 Narratur
414 1035 425 1055 ‚
457 1004 638 1041 minimos
671 1014 761 1041 cum
791 1002 883 1041 luna
913 1003 1079 1041 recessit
1109 1003 1149 1040 in
1181 1001 1320 1041 orbes.

204 1061 368 1100 Flumen
400 1061 544 1099 habent
576 1060 768 1113 Cicones,
801 1060 905 1111 quod
936 1066 1072 1112 potum
1105 1072 1219 1099 saxea
1250 1059 1380 1100 reddit

204 1119 390 1172 Viscera,
423 1119 527 1171 quod
560 1121 672 1158 tactis
705 1119 856 1158 inducit
887 1131 1081 1158 marmora
1112 1118 1254 1158 rebus.

116 1185 182 1216 315
205 1178 359 1217 Crathis
392 1183 431 1217 et
462 1178 552 1216 hinc
586 1177 743 1229 Sybaris
775 1179 921 1216 nostris
953 1178 1222 1217 contermInus
1253 1178 1355 1217 arvis

204 1237 362 1276 Electro
395 1236 541 1276 similes
573 1237 721 1276 faciunt
752 1248 927 1288 auroque
960 1235 1142 1288 capillos.

205 1295 396 1347 Quodque
422 1297 544 1346 magis
564 1297 707 1334 mirum
725 1327 736 1347 ‚
763 1301 855 1334 sunt
881 1296 948 1347 qui
967 1307 1046 1334 non
1067 1306 1232 1346 corpora
1251 1300 1424 1347 tantum,

205 1355 349 1394 Verum
380 1356 529 1393 animos
562 1356 678 1393 etiam
710 1353 862 1393 valeant
892 1359 1044 1393 mutare
1077 1353 1273 1405 liquores.

206 1413 277 1452 Cui
309 1425 388 1451 non
421 1413 550 1452 audita
583 1418 642 1452 est
674 1412 865 1451 obscenae
899 1412 1084 1451 Salmacis
1117 1412 1243 1452 undae

117 1478 185 1510 320
206 1471 496 1523 Aethiopesque
529 1471 636 1510 lacus
656 1468 677 1510 Ρ
709 1483 807 1522 quos
846 1473 1024 1522 quisquis
1063 1470 1241 1510 faucibus
1272 1470 1425 1523 hausit,

205 1531 281 1569 Aut
313 1531 438 1582 furit,
470 1536 536 1569 aut
567 1531 713 1581 patitur
745 1531 889 1569 mirum
920 1531 1107 1580 gravitate
1138 1541 1342 1581 soporem.

206 1588 365 1628 Clitorio
399 1590 636 1639 quicumque
669 1589 773 1627 sitim
805 1588 852 1627 de
885 1589 992 1627 fonte
1024 1588 1185 1640 levarit,

203 1646 298 1686 Vina
330 1647 429 1698 fugit
447 1678 458 1699 ,
489 1647 710 1698 gaudetque
743 1648 861 1695 meris
893 1646 1107 1686 abstemius
1140 1646 1278 1687 undis:

207 1705 285 1745 Seu
318 1707 374 1744 vis
407 1711 467 1744 est
498 1708 538 1744 in
570 1717 669 1756 aqua
701 1705 823 1744 calido
851 1706 1046 1744 contraria
1079 1707 1191 1758 vino,

120 1771 186 1802 325
209 1764 327 1816 Sive,
360 1764 464 1815 quod
497 1765 700 1814 indigenae
733 1770 980 1817 memorant,
1011 1764 1251 1815 Amythaone
1287 1768 1424 1816 natus,

204 1822 407 1862 Proetidas
440 1825 622 1862 attonitas
653 1828 862 1874 postquam
893 1834 964 1874 per
996 1820 1154 1862 Eaffien
1185 1828 1225 1862 et
1254 1822 1396 1862 herbas

204 1881 359 1932 Eripuit
384 1882 496 1920 furiis
515 1913 526 1934 ‚
558 1883 786 1933 purgamina
819 1883 961 1920 mentis
992 1882 1033 1920 in
1065 1881 1148 1920 illas
1274 1890 1301 1916 f.
1321 1889 1425 1916 ccviii.

205 1939 308 1978 Misit
338 1952 458 1990 aquas
476 1972 487 1992 ‚
520 1940 730 1990 odiumque
763 1941 862 1979 meri
892 1941 1107 1991 permansit
1137 1941 1177 1979 in
1209 1939 1348 1980 undis.

205 1997 304 2036 Huic
336 1998 422 2037 ssuit
453 2000 595 2038 effectu
628 1998 759 2049 dispar
790 1998 1021 2049 Lyncestius
1053 2000 1201 2051 amnis,

117 2063 184 2094 330
206 2056 331 2101 Quem
364 2058 601 2108 quicumque
634 2069 773 2108 parum
805 2056 1005 2095 moderato
1038 2062 1198 2108 gutture
1224 2059 1365 2110 traxit,

204 2114 314 2152 Haud
348 2115 459 2154 aliter
492 2115 660 2168 titubat,
694 2127 810 2166 quam
841 2117 874 2154 si
906 2127 1013 2154 mera
1044 2117 1131 2154 vina
1163 2115 1347 2155 bibisset.

204 2172 275 2210 Est
306 2172 412 2211 lacus
444 2174 629 2213 Arcadiae
648 2204 660 2226 ,
691 2174 895 2213 Pheneum
926 2173 1060 2213 dixere
1093 2175 1271 2227 priores,

205 2230 404 2281 Ambiguis
438 2239 644 2283 suspectus
677 2234 817 2286 aquis,
849 2244 945 2283 quas
977 2238 1092 2272 nocte
1125 2234 1283 2273 timeto:

204 2288 325 2327 Nocte
359 2297 502 2328 nocent
532 2298 675 2342 potae;
709 2293 792 2330 sine
827 2303 926 2330 noxa
957 2290 1044 2330 luce
1077 2290 1288 2335 bibuntur.

116 2354 183 2386 335
206 2347 269 2386 Sic
302 2347 394 2386 allas
427 2348 597 2399 aliasque
629 2349 735 2388 lacus
768 2356 808 2389 et
838 2350 998 2389 flumina
1031 2351 1132 2389 vires

1530 1380 1538 1394 ι.
1526 1368 1528 1370 “
1531 1329 1538 1354 ..a
1525 1135 1538 1320 :mm—mx*-
1528 1046 1538 1132 unu-..
1533 1025 1538 1027 .

1525 1503 1538 1598 neme-⁴
1534 1479 1536 1484 -
1528 1458 1538 1464 a
1534 1438 1538 1442 .
1533 1402 1538 1426 .-

1525 1732 1538 1780 ἕ

1527 1784 1538 1821 ἰ’

1522 1827 1538 1865 ξ

1523 1920 1538 1964 ξ
