1527 2580
562 121 646 156 XIII
661 148 668 165 ,
696 123 901 156 307-380.
1047 132 1170 155 enixus
1314 117 1399 159 265

180 229 325 271 Verum
357 231 472 270 etiam
506 242 676 270 summas
708 241 817 268 arces
851 231 996 268 intrare
1028 240 1175 279 suaque

93 296 160 330 ³45
180 288 344 341 Eripere
377 288 470 328 aede
509 288 648 341 deam,
681 294 907 339 raptamque
946 287 1098 326 adferre
1130 298 1201 338 per
1233 282 1400 324 hostes?

182 347 289 394 Quae
323 348 398 386 nisi
431 347 639 399 fecissem,
673 347 816 386 frustra
848 346 1057 386 Telamone
1090 351 1244 384 creatus

181 405 379 445 Gestasset
411 404 515 444 laeva
549 412 750 444 taurorum
784 411 937 456 tergora
970 410 1141 456 septem.

182 463 248 503 Illa
281 469 394 503 nocte
427 463 521 503 mihi
552 463 691 502 Troiae
725 465 885 503 victoria
917 469 1027 515 parta
1060 469 1147 502 est:

180 521 367 574 Pergama
399 528 492 562 tunc
524 523 626 574 vici,
658 534 747 561 cum
779 523 880 561 vinci
912 534 1025 573 posse
1058 522 1188 572 coegi.

94 589 162 621 350
182 581 323 621 Desine
355 580 530 632 Tydiden
562 580 749 631 vultuque
783 586 821 619 et
854 592 1055 619 murmure
1089 578 1201 618 nobis

182 639 388 679 Ostentare
422 651 579 678 meum.
618 651 708 690 pars
741 645 801 678 est
833 651 901 678 sua
934 638 1057 686 lautlis
1089 640 1128 677 in
1161 637 1247 676 illo.

181 697 261 737 Nee
294 703 366 750 tu,
399 709 488 737 cum
521 699 625 736 socia
658 697 826 749 clipeum
859 709 928 749 pro
962 697 1085 736 classe
1120 695 1302 747 tenebaS,

182 755 297 796 Solus
329 767 415 795 eras
436 787 444 795 .
483 755 553 795 tihi
587 755 699 795 turba
732 768 892 808 comes,
925 755 1020 794 mihi
1052 756 1215 806 contigit
1246 764 1371 793 unus.

183 815 259 861 Qui
291 815 365 853 nisi
397 826 614 866 pugnacem
647 816 766 854 sciret
799 815 971 865 sapiente
1006 815 1196 852 minorem

94 880 161 912 355
182 873 278 912 Esse
297 904 308 926 ,
340 885 411 912 nec
444 872 653 912 indomitae
687 872 820 912 deberi
853 874 1024 924 praemia
1056 872 1238 924 dextrae,

183 931 270 984 lpse
302 943 458 983 quoque
491 931 586 970 haec
617 937 799 983 peteret.
837 936 990 982 peteret
1022 921 1259 969 moderatior
1287 929 1401 980 Aiax,

182 989 484 1042 Eurypylusque
517 990 656 1041 ferox,
689 989 871 1040 claroque
904 989 1175 1028 Andraemone
1207 993 1345 1039 natus;

182 1048 262 1088 Nec
295 1049 424 1087 minus
457 1047 688 1087 Idomeneus
707 1079 718 1100 ,
750 1049 952 1099 patriaque
985 1053 1141 1086 creatus
1173 1046 1309 1086 eadem

181 1107 405 1159 Meriones;
436 1112 590 1158 peteret
621 1107 779 1146 maioris
811 1106 932 1145 frater
963 1105 1144 1145 Atridae:

95 1172 164 1204 360
184 1165 337 1217 Quippe
369 1176 485 1204 mauu
519 1165 640 1204 sortes
673 1177 745 1204 nec
776 1172 868 1204 sunt
900 1164 994 1203 mihi
1025 1163 1147 1203 Marte
1180 1162 1366 1215 secundi,

184 1223 365 1263 Consiliis
398 1235 551 1262 cessere
585 1225 710 1262 meis.
750 1222 819 1262 tibi
852 1223 1011 1262 dextera
1038 1222 1138 1262 bello

183 1281 325 1333 Utilis;
356 1283 555 1333 ingenium
589 1287 675 1334 est,
708 1281 811 1332 quod
843 1286 930 1332 eget
956 1281 1219 1320 moderamine
1247 1286 1404 1319 nostro.

183 1340 243 1380 Tu
275 1341 378 1379 vires
411 1341 494 1379 sine
527 1345 657 1379 mente
689 1341 824 1391 geris:
861 1340 955 1378 mihi
988 1351 1081 1378 cura
1113 1339 1258 1378 futuri.

183 1398 243 1437 Tu
274 1410 448 1450 pugnare
480 1404 621 1450 potes:
653 1398 852 1450 pugnandi
886 1404 1061 1450 tempora
1094 1409 1248 1436 mecum

96 1464 163 1496 365
184 1456 302 1508 Eligit
331 1457 513 1496 Atrides.
552 1462 594 1496 tu
627 1462 777 1496 tantum
809 1468 973 1509 corpore
1005 1456 1172 1508 prodes,

185 1515 264 1555 Nos
296 1517 452 1555 animo.
491 1521 714 1567 quantoque
748 1522 872 1554 ratem
906 1516 972 1566 qui
1005 1520 1225 1566 temperat,
1258 1515 1379 1553 anteit

189 1573 363 1625 Remigis
394 1573 596 1626 officium,
627 1580 772 1625 quanto
804 1573 883 1613 dux
914 1573 1036 1612 milite
1068 1574 1215 1625 maior,

183 1631 353 1671 Tantum
385 1644 456 1683 ego
489 1638 526 1671 te
559 1643 702 1684 supero
724 1663 732 1671 .
771 1644 843 1671 nee
881 1644 959 1670 non
997 1633 1036 1670 in
1069 1643 1235 1682 corpore
1274 1636 1407 1669 nostro

184 1689 349 1729 Pectora
381 1695 473 1729 sunt
504 1691 656 1741 potiora
687 1702 833 1742 manu3
866 1691 974 1741 vigor
1006 1691 1133 1728 omnis
1164 1691 1205 1727 in
1237 1688 1336 1728 illis.

98 1755 165 1787 370
186 1749 235 1787 At
264 1760 361 1801 vos,
393 1760 414 1786 0
447 1760 632 1800 proceres
651 1780 662 1801 ,
694 1748 799 1799 vigssi
831 1747 917 1787 date
950 1749 1122 1799 praemia
1154 1752 1307 1799 vestr03

185 1806 340 1858 Proque
375 1811 431 1845 tot
462 1818 654 1845 annorum
686 1818 780 1845 cura
797 1838 809 1859 ‚
842 1805 986 1857 quibus
1018 1807 1156 1844 anxius
1188 1807 1272 1856 egi,

185 1863 299 1904 Hunc
331 1864 489 1904 titulum
521 1866 670 1904 meritis
702 1864 946 1917 pensandum
978 1864 1130 1903 reddite
1163 1865 1331 1902 nostris.

185 1923 265 1962 Iam
295 1922 404 1962 labor
436 1925 475 1962 in
508 1923 584 1962 fine
617 1928 706 1976 est,
737 1922 933 1962 obstantia
966 1923 1041 1961 fata
1072 1923 1243 1972 removi,

185 1981 348 2033 Altaque
380 1994 495 2034 posse
529 1983 615 2033 capi
646 1981 822 2020 faciendo
857 1980 1044 2032 Pergama
1063 2011 1074 2033 ,
1106 1981 1215 2031 cepi.

98 2047 164 2078 375
186 2039 261 2079 Per
293 2051 382 2091 spes
415 2052 519 2079 nune
550 2041 675 2079 socias
707 2051 923 2090 casuraque
955 2040 1108 2078 moenia
1138 2038 1311 2089 Troum,

184 2097 340 2149 Perque
373 2097 466 2137 deos
499 2110 597 2150 oro,
630 2110 728 2149 quos
761 2098 863 2137 hosti
895 2109 1023 2148 nuper
1055 2096 1204 2150 ademi,

185 2155 262 2195 Per
294 2155 423 2207 siquid
455 2161 667 2208 superest,
699 2155 802 2207 quod
835 2156 886 2194 sit
916 2156 1115 2206 sapienter
1146 2155 1363 2206 agendum,

188 2213 328 2266 Siquid
361 2213 488 2253 adhue
520 2214 644 2254 audax
677 2226 723 2253 ex
761 2214 1044 2265 praecipitique
1081 2213 1295 2265 petendum
1328 2218 1410 2264 est,

187 2271 250 2323 [Si
281 2272 420 2311 Troiae
453 2272 542 2311 ratis
575 2271 719 2323 aliquid
752 2278 901 2312 restare
932 2273 1078 2324 putatis
1090 2270 1120 2324 ‚]

97 2336 166 2370 380
186 2329 281 2370 Este
314 2332 391 2370 mei
423 2330 649 2370 memores!
682 2336 748 2371 aut
779 2331 812 2370 si
843 2329 938 2370 mihi
969 2342 1048 2370 non
1074 2330 1174 2369 datis
1206 2340 1335 2381 arma,
