1527 2580
605 124 655 159 lV
669 152 678 169 ‚
704 128 883 160 62—134.
1002 137 1067 160 Ρη
1081 152 1088 160 .
1116 139 1239 161 Tmen
1356 127 1412 168 69

194 232 319 280 Quam
350 234 487 286 procul
521 234 566 273 ad
600 234 712 274 lunae
746 235 874 274 radios
906 233 1115 286 Babylonia
1140 235 1284 275 Thisbe

109 299 174 331 100
193 291 325 344 Vidit,
356 298 395 331 et
427 292 639 331 obscurum
672 294 822 345 trepido
855 293 953 345 pede
986 294 1086 345 sugit
1116 295 1154 333 in
1187 300 1367 346 antrum,

193 349 371 402 Dumque
404 351 504 402 sugit
521 383 532 404 ,
565 357 673 402 tergo
707 351 894 391 velamina
925 352 1029 404 lapsa
1061 352 1242 403 reliquit.

193 408 244 448 Ut
273 408 331 448 lea
364 421 475 448 saeva
507 410 613 448 sitim
646 410 764 449 multa
797 412 1038 462 compescuit
1070 410 1196 463 unda,

195 466 294 506 Dum
326 467 428 506 redit
459 469 497 507 in
530 468 644 507 silvas
663 500 674 521 ‚
705 470 885 508 inventos
918 470 1018 508 sorte
1050 471 1133 508 sine
1166 470 1247 520 ipsa

193 525 270 565 Ore
303 532 506 565 cruentato
541 533 680 566 tenues
711 526 868 566 laniavit
897 530 1084 567 amictus.

106 592 172 623 105
194 584 330 623 Serius
363 597 546 636 egressus
579 586 739 637 vestigia
771 586 866 625 vidit
896 588 935 624 in
968 586 1043 625 alto

191 642 356 682 Pulvere
389 649 495 683 certa
529 644 632 683 serae
651 676 662 696 ,
694 650 855 696 totoque
889 645 1072 696 expalluit
1105 657 1173 683 ore

190 701 408 753 Pyramus.
446 708 490 741 ut
527 715 618 741 vero
652 709 800 742 vestem
832 715 987 755 quoque
1026 705 1214 754 sanguine
1252 703 1412 741 tinctam

191 759 409 813 Repperit‚
442 757 549 800 “una
583 758 696 800 duos'
728 763 857 812 inquit
889 759 978 800 ‘nox
1012 761 1149 813 perdet
1181 766 1377 800 amantes:

190 817 221 857 E
254 818 397 870 quihus
428 819 490 858 illa
525 819 597 858 suit
628 819 741 872 longa
774 820 999 871 dignissima
1030 821 1130 872 vita,

106 885 171 916 110
192 876 332 916 Nostra
353 889 498 917 nocens
520 880 646 917 anima
666 885 726 918 est
745 910 754 918 .
788 891 858 930 ego
879 884 917 918 te
936 910 947 930 ,
979 877 1221 930 miseranda,
1241 879 1412 929 peremi,

190 935 232 975 ln
265 936 349 975 loca
380 936 494 988 plena
526 943 654 976 metus
686 938 754 989 qui
785 938 881 976 iussi
914 943 1028 976 nocte
1060 938 1237 988 venires,

191 993 271 1033 Nec
296 996 406 1046 prior
438 995 516 1034 huc
547 997 663 1034 veni.
702 1001 881 1034 nostrum
913 995 1082 1034 divellite
1116 1006 1284 1047 corpus,

191 1051 241 1091 Et
272 1052 460 1092 scelerata
493 1054 576 1093 sero
609 1055 827 1093 consumite
859 1055 1009 1093 viscera
1041 1065 1198 1105 morsu,

194 1109 225 1150 Ο
259 1113 497 1163 quicumque
530 1111 602 1151 sub
635 1112 706 1151 hac
738 1112 919 1151 habitatis
951 1124 1049 1164 rupe
1068 1144 1079 1164 ‚
1110 1112 1267 1151 leones.

104 1176 170 1208 115
192 1169 267 1208 Sed
302 1170 426 1209 timidi
458 1177 520 1210 est
550 1178 684 1222 optare
717 1167 886 1209 necem”
919 1192 973 1199 --
1006 1170 1194 1209 velamina
1225 1168 1390 1208 Thisbes

190 1227 336 1281 Tollit,
369 1235 409 1267 et
439 1228 486 1268 ad
516 1235 652 1280 pactae
685 1241 820 1268 secum
851 1229 929 1268 fert
960 1228 1111 1268 arboris
1142 1228 1342 1267 umbram.

190 1285 318 1338 thue
351 1286 459 1326 dedit
489 1293 604 1327 notae
635 1287 814 1326 lacrimas
833 1318 844 1339 ,
876 1287 984 1326 dedit
1014 1287 1146 1326 oscula
1178 1288 1300 1339 vesti,

191 1341 365 1397 “Accipe
399 1343 520 1385 nunc'
558 1347 686 1397 inquit
718 1343 858 1385 ‘nostri
898 1357 1053 1397 quoque
1092 1346 1292 1396 sanguinis

1198 1403 1360 1442 haustus
1372 1398 1414 1442 1³⁹

190 1462 355 1514 Quoque
387 1469 472 1503 erat
503 1465 732 1516 accinctus,
764 1463 921 1502 demisit
950 1464 990 1502 in
1022 1462 1086 1501 ilia
1118 1463 1292 1514 ferrum,

103 1528 170 1561 120
189 1521 270 1561 Nec
301 1533 408 1561 mora
427 1554 439 1575 ‚
472 1523 639 1562 ferventi
671 1524 843 1561 moriens
876 1534 896 1560 e
929 1521 1089 1560 vulnere
1123 1522 1261 1559 traxit.

192 1579 241 1620 Ut
271 1581 391 1620 iacuit
417 1583 627 1633 resupinus
658 1580 777 1620 humo
796 1612 810 1633 ,
835 1592 952 1619 cruor
985 1581 1126 1618 emicat
1156 1579 1255 1619 alte:

190 1638 278 1678 Non
311 1639 451 1692 aliter,
484 1651 600 1691 quam
632 1651 722 1678 cum
755 1640 886 1678 vitiato
918 1638 1047 1677 fistula
1077 1637 1237 1689 plumbo

192 1697 423 1750 Scinditur,
455 1704 494 1737 et
526 1699 634 1737 tenui
661 1697 851 1737 stridente
884 1697 1073 1736 foramine
1105 1696 1237 1747 longas

190 1755 414 1796 Eiaculatur
446 1768 564 1807 aquas
596 1762 712 1807 atque
742 1755 886 1795 ictibus
918 1759 1008 1794 aera
1038 1755 1207 1806 rumpit.

105 1821 169 1852 125
189 1814 353 1854 Arborei
387 1814 489 1854 retus
521 1816 726 1866 aspergine
759 1814 888 1854 caedis
918 1815 960 1852 in
992 1819 1114 1852 atram

190 1873 406 1913 Vertuntur
439 1873 606 1912 faciem.
647 1871 957 1923 [madefactaque
989 1872 1178 1922 sanguine
1211 1870 1318 1910 radix

189 1932 362 1972 Puniceo
396 1933 540 1984 tinguit
569 1931 781 1983 pendentia
812 1942 920 1969 mora
952 1930 1082 1969 colore
1097 1928 1124 1980 .]

188 1990 291 2030 Ecce
323 1996 430 2030 metu
461 1990 636 2030 nondum
667 1991 794 2042 posito
812 2021 824 2042 ,
856 2001 904 2028 ne
937 1988 1042 2027 fallat
1072 1994 1289 2040 amantem,

189 2049 257 2088 Illa
287 2048 419 2102 redit,
448 2049 708 2099 iuvenemque
741 2047 864 2087 oculis
896 2048 1105 2098 animoque
1136 2047 1326 2098 requirit,

105 2114 171 2147 130
191 2107 423 2158 Quantaque
454 2108 586 2146 vitarit
617 2118 777 2146 narrare
808 2105 983 2158 pericula
1014 2107 1152 2157 gestit.

190 2165 320 2217 thue
352 2165 483 2205 locum
514 2171 554 2205 et
584 2167 695 2216 rigua
733 2166 936 2216 cognoscit
971 2165 1013 2203 in
1052 2163 1192 2203 arbore
1225 2164 1412 2215 sormam,

191 2224 256 2264 Sic
286 2225 380 2264 facit
409 2225 600 2263 incertam
624 2224 730 2275 pomi
761 2223 869 2262 color
889 2253 898 2262 .
935 2222 1100 2275 haeret,
1132 2234 1180 2261 an
1211 2221 1307 2260 haec
1338 2222 1411 2260 sit.

189 2283 289 2322 Dum
320 2281 501 2335 dubitat,
532 2281 789 2322 tremebunda
820 2281 925 2320 videt
955 2281 1113 2333 pulsare
1144 2285 1353 2320 cruentum

187 2340 362 2381 Membra
392 2340 548 2394 solum,
578 2345 766 2392 retroque
802 2339 943 2392 pedem
979 2339 1098 2392 tulit,
1129 2350 1275 2390 oraque
1307 2337 1410 2377 buxo
