1527 2580
605 115 653 152 VI
671 144 680 161 ,
705 119 891 153 409-482
908 146 914 152 .
1060 130 1192 154 mooun
1342 121 1423 161 119

205 226 416 278 Cecropios
449 228 569 266 intrat
601 226 814 279 Piraeaque
846 227 958 267 litora
992 230 1131 279 tangit.

204 283 254 324 Ut
286 287 454 337 primum
488 287 616 325 soceri
647 285 733 324 data
766 287 876 337 copia
895 318 906 338 ,
939 285 1098 325 dextera
1132 286 1289 326 dextrae

206 343 413 397 Iungitur,
445 351 483 383 et
515 344 642 383 fausto
676 346 932 384 committitur
965 346 1092 384 omine
1125 357 1277 384 sermo,

206 401 397 454 Coeperat
428 402 617 442 adventus
650 414 804 442 causam
824 435 835 455 ‚
861 403 1037 443 mandata
1070 404 1220 443 referre

119 468 185 500 460
206 460 419 514 Coniugis,
453 467 489 501 et
522 461 670 500 celeres
703 463 841 500 missae
875 463 1067 513 spondere
1100 474 1306 502 recursus:

205 519 308 559 Ecce
340 521 446 559 venit
476 532 614 572 magno
648 520 754 559 dives
786 520 996 560 Philomela
1029 527 1190 573 paratu,

205 578 367 618 Divitior
402 579 523 618 forma
544 610 552 617 .
592 577 745 630 [quales
779 579 911 618 audire
944 579 1114 619 solemus

205 636 346 676 Naidas
378 644 417 676 et
448 637 612 688 dryadas
644 637 781 676 mediis
813 638 995 677 incedere
1027 638 1156 691 silvis,

206 694 246 734 Si
279 694 394 734 modo
427 696 495 735 des
527 695 602 735 illis
636 695 764 735 cultus
798 696 1021 748 similesque
1053 703 1211 749 paratus
1226 696 1254 748 .]

122 760 184 792 455
205 753 291 793 Non
324 766 439 794 secus
471 756 617 793 exarsit
650 763 858 806 conspecta
890 757 1037 806 virgine
1070 755 1243 808 Tereus,

207 812 330 858 Quam
363 814 488 864 siquis
521 815 627 852 canis
659 815 788 864 ignem
821 813 1014 865 subponat
1045 816 1198 867 aristtS,

205 872 283 910 Aut
313 872 492 911 frondem
524 873 750 923 positasque
784 878 932 911 cremet
963 872 1170 912 faenilibus
1203 872 1365 912 herbas.

206 929 327 981 Digna
359 930 517 981 quidem
550 931 697 982 facies3
729 930 796 970 sed
831 937 869 970 et
900 931 1004 970 hunc
1035 933 1165 971 innata
1197 931 1313 970 libido

205 987 439 1028 Exstimulat
458 1021 469 1042 ‚
499 1001 747 1040 pronumque
780 1001 903 1040 genus
935 989 1162 1040 regionibus
1194 990 1268 1028 illis

121 1047 247 1086 4601n
281 1046 472 1086 Venerem
505 1053 592 1086 est:
623 1047 760 1098 flagrat
791 1049 882 1086 vitio
915 1049 1121 1099 gentisque
1153 1060 1325 1099 suoque.

209 1105 381 1157 lmpetus
414 1112 474 1145 est
505 1106 559 1145 illi
592 1107 778 1145 comitum
811 1118 1065 1158 corrumpere
1099 1118 1233 1146 curam

207 1164 459 1216 Nutricisque
491 1164 636 1216 fidem,
669 1176 741 1203 nec
773 1176 850 1203 non
882 1164 1108 1216 ingentibus
1140 1167 1263 1217 ipsam

209 1222 426 1262 Sollicitare
459 1222 587 1274 datis,
620 1229 823 1274 totumque
856 1223 1071 1275 inpendere
1103 1235 1291 1276 regnum3

207 1282 283 1321 Aut
315 1293 453 1333 rapere
486 1288 526 1320 et
556 1293 669 1320 saevo
702 1288 850 1333 raptam
884 1281 1093 1321 defendere
1126 1281 1251 1334 bello;

120 1347 187 1379 465
208 1339 258 1379 Et
288 1339 383 1379 nihil
416 1346 504 1393 est,
537 1340 639 1391 quod
673 1352 750 1379 non
783 1340 930 1379 effreno
964 1346 1100 1392 captus
1132 1352 1263 1379 amore

206 1399 347 1451 Ausit3
379 1410 452 1438 nec
485 1400 644 1450 capiunt.
674 1398 844 1437 inclusas
877 1404 1035 1449 pectora
1067 1399 1262 1438 flammas.

207 1457 365 1509 Iamque
397 1469 526 1496 moras
559 1456 657 1495 male
690 1457 765 1496 fert
789 1488 800 1509 ,
833 1457 1053 1508 cupidoque
1086 1459 1298 1497 revertitur
1330 1470 1396 1498 ore

207 1515 262 1555 Ad
295 1515 474 1555 mandata
505 1514 681 1554 Procnes
700 1546 711 1567 ,
738 1521 777 1555 et
808 1516 886 1567 agit
917 1527 986 1555 sua
1019 1521 1104 1555 vota
1137 1515 1209 1555 sub
1236 1515 1320 1556 illa.

207 1573 433 1614 Facundum
466 1573 631 1613 faciebat
664 1586 801 1626 amor3
833 1576 1094 1626 quotiensque
1127 1574 1286 1626 rogabat

120 1640 188 1673 470
207 1631 381 1672 Ulterius
412 1634 515 1672 iusto
534 1664 545 1685 ‚
576 1632 757 1684 Prognen
789 1634 843 1671 ita
874 1632 971 1671 velle
1003 1632 1174 1672 serebat.

207 1691 365 1731 Addidit
396 1697 435 1731 et
466 1691 644 1730 lacrimas
663 1723 674 1743 ,
706 1697 902 1742 tamquam
933 1691 1155 1730 mandasset
1187 1697 1225 1730 et
1255 1691 1360 1730 illas.

209 1749 285 1788 Pro
317 1751 480 1803 superi,
512 1755 700 1801 quantum
732 1749 909 1788 mortalia
940 1755 1100 1801 pectora
1132 1761 1268 1788 caecae

207 1808 342 1848 Noctis
374 1807 546 1848 habent!
579 1810 664 1860 ipso
696 1807 856 1847 sceleris
889 1808 1087 1846 molimine
1119 1807 1270 1847 Tereus

209 1866 392 1906 Creditur
425 1879 512 1906 esse
544 1868 633 1918 pius
665 1866 899 1918 laudemque
931 1878 951 1905 a
984 1867 1147 1905 crimine
1179 1868 1320 1906 sumit.

119 1934 187 1966 475
209 1925 311 1971 Quid
329 1957 340 1979 ,
371 1925 474 1977 quod
496 1925 599 1965 idem
618 1924 830 1964 Philomela
860 1926 968 1977 cupit
984 1956 996 1977 ,
1027 1926 1253 1976 patriosque
1273 1925 1426 1965 lacertis

207 1983 352 2024 Blanda
383 1990 522 2024 tenens
554 1995 741 2037 umeros,
773 1990 816 2023 ut
847 1988 909 2022 eat
939 1984 1068 2022 visura
1100 1995 1300 2036 sororem,

207 2042 362 2094 Perque
395 2055 505 2082 suam
537 2048 752 2094 contraque
784 2054 895 2081 suam
926 2043 1025 2093 petit
1054 2043 1138 2094 ipsa
1170 2041 1357 2082 salutem.

209 2100 368 2152 Spectat
400 2113 483 2140 eam
515 2101 695 2153 Tereus,
726 2105 1119 2152 praecontrectatque
1151 2099 1341 2154 videndo,

208 2159 429 2211 Osculaque
462 2165 502 2199 et
532 2159 630 2199 collo
663 2159 902 2199 circumdata
933 2158 1114 2198 bracchia
1146 2171 1312 2198 cernens

106 2219 187 2259 '480
208 2218 346 2258 Omnia
377 2230 449 2270 pro
481 2217 650 2258 stImulis
682 2217 911 2269 facibusque
943 2217 1110 2269 ciboque
1142 2217 1287 2257 furoris

207 2278 387 2330 Accipit,
419 2282 458 2316 et
490 2278 671 2328 quotiens
702 2276 950 2328 amplectitur
980 2275 1042 2315 illa
1073 2281 1300 2328 parentem,

207 2334 304 2375 Esse
323 2347 466 2388 parens
486 2335 623 2375 vellet:
645 2356 699 2363 —
719 2347 847 2386 neque
868 2336 971 2374 enim
992 2335 1120 2374 minus
1141 2336 1284 2387 impius
1304 2340 1424 2374 esset.
