1538 2496
107 109 190 152 268
334 122 513 145 romum
655 108 869 143 METAMM
882 135 891 144 .

224 219 330 266 Quae
362 231 511 258 memor
543 219 625 270 ipsa
657 219 750 271 sui,
781 224 988 270 postquam
1020 219 1245 259 crudelIbus
1277 221 1355 260 aris

222 279 385 317 Admota
417 283 504 328 est,
536 278 736 327 sensitque
769 276 842 315 sibi
874 277 957 316 fera
987 289 1097 317 sacra
1126 280 1279 331 parari,

134 344 201 375 455
223 336 349 387 thue
381 334 680 386 Neoptolemum
713 340 881 374 stantem
912 337 1141 387 ferrumque
1173 343 1372 377 tenentem

221 394 343 445 Inque
376 406 447 433 suo
479 393 574 432 vid'it
606 394 788 444 figentem
820 393 967 433 lumina
998 394 1131 447 vultu,

223 450 355 491 ‘Utere
387 451 600 491 iandudum
632 463 822 503 generoso
855 454 1044 503 sanguine
1064 450 1089 492 l'
1121 453 1220 493 dixit

222 508 350 549 ‘Nulla
380 522 489 549 mora
521 515 608 549 est.
647 512 743 561 quin
775 516 817 550 tu
848 511 981 562 iugulo
1014 511 1074 550 vel
1103 518 1264 563 pectore
1297 512 1419 553 telum

222 569 352 608 Conde
385 581 472 607 meo
491 565 516 608 l'
548 568 805 620 iugulumque
837 569 953 608 simul
984 575 1203 622 pectusque
1234 572 1400 611 retexit.

133 635 201 667 460
221 625 396 667 ‘Scilicet
427 632 494 666 aut
525 627 594 666 ulli
625 629 771 666 servire
804 627 997 679 Polyxena
1030 629 1167 668 vellem
1186 626 1208 669 ⁶?

219 686 296 725 Aut
326 698 397 738 per
429 685 504 725 tale
537 698 692 725 sacrum
724 698 870 725 numen
901 686 1103 738 placabitis
1136 685 1294 727 ullum?

219 744 323 783 Mors
355 750 507 783 tantum
538 744 676 783 vellem
708 750 873 783 matrem
904 757 990 783 mea
1021 745 1154 784 fallere
1185 751 1342 797 posset.
1531 776 1538 795 ÷

219 803 341 842 Mater
373 802 514 855 obest,
546 804 764 854 minuitque
796 804 904 842 necis
936 803 1031 842 mihi
1068 803 1236 855 gaudia:
1268 806 1442 856 quamvis
1523 802 1538 876 ξ

218 861 305 900 Non
339 873 425 900 mea
456 872 562 900 mors
594 860 648 900 illi
666 893 678 913 ,
709 873 846 900 verum
878 874 948 901 sua
979 863 1055 901 vita
1093 862 1295 902 tremenda
1325 869 1410 903 est.

132 926 199 958 465
219 919 295 958 Vos
327 920 442 958 modo
462 951 473 971 ‚
505 932 554 958 ne
588 919 742 971 Stygios
775 920 910 959 adeam
941 932 1020 959 non
1052 920 1175 960 libera
1206 933 1340 961 manes
1351 953 1364 974 ,
1523 878 1538 1007 ἑ

218 977 311 1017 Este
343 977 510 1030 procul,
543 979 576 1017 si
606 979 709 1018 iusta
738 984 830 1030 peto
848 1010 860 1030 ,
892 984 1077 1030 tactuque
1110 979 1241 1018 viriles
1535 1012 1538 1025 ,

219 1036 402 1088 Virgineo
434 1042 632 1076 removete
665 1048 831 1076 manus.
870 1039 1067 1089 acceptior
1097 1037 1177 1091 illi,
1529 1049 1538 1126 Ι·

219 1095 406 1146 Quisquis
436 1097 471 1135 is
503 1100 590 1148 est,
623 1107 740 1146 quem
772 1095 889 1135 caede
921 1108 1007 1135 mea
1036 1095 1190 1147 placare
1220 1098 1389 1150 paratis,
1531 1129 1538 1142 .

218 1153 336 1192 Liber
369 1155 445 1193 erit
476 1155 633 1204 sanguis
654 1184 662 1192 .
702 1155 836 1204 siquos
869 1159 999 1193 tamen
1030 1154 1166 1193 ultiina
1198 1157 1324 1194 nostri
1531 1146 1538 1202 ἰ

130 1219 198 1251 470
219 1211 344 1251 Verba
376 1219 533 1251 movent
564 1213 644 1250 oris
662 1243 673 1264 ‚
705 1212 850 1251 Priami
879 1224 947 1251 vos
979 1212 1056 1251 filia
1087 1214 1217 1265 regis,
1534 1213 1538 1264 ¹]

217 1270 304 1310 Non
336 1272 486 1322 captiva
517 1276 657 1323 rogat,
689 1272 880 1322 genetrici
912 1283 1056 1323 corpus
1086 1273 1306 1323 inemptum

219 1328 413 1381 Reddite3
445 1341 542 1368 neve
574 1341 669 1368 auro
702 1329 868 1368 redimat
897 1331 959 1369 ius
991 1331 1104 1369 triste
1136 1330 1355 1383 sepulchri,

219 1387 296 1426 Sed
316 1387 487 1426 lacrimis
506 1419 514 1426 .
541 1393 635 1427 tunc
653 1419 665 1441 ,
691 1400 781 1427 cum
805 1393 961 1439 poterat
976 1419 987 1441 ,
1013 1388 1229 1428 redimebat
1248 1393 1288 1428 et
1305 1400 1401 1428 auro
1414 1385 1440 1429 .'

218 1445 375 1485 Dixerat
401 1477 409 1485 .
448 1451 486 1485 at
515 1445 684 1497 populus
715 1446 924 1498 lacrimas,
956 1459 1052 1498 quas
1083 1447 1147 1486 illa
1178 1446 1358 1500 tenebat,

129 1512 197 1543 475
218 1504 304 1543 Non
335 1509 471 1543 tenet.
509 1505 593 1557 ipse
625 1506 741 1544 etiam
772 1504 871 1543 ssens
901 1506 1126 1556 invitusque
1157 1505 1340 1545 sacerdos

216 1562 398 1602 Praebita
428 1564 605 1602 coniecto
637 1564 744 1614 rupit
774 1563 1003 1614 praecordia
1034 1563 1162 1603 ferro.

219 1621 284 1659 [lla
302 1653 314 1674 ‚
345 1633 466 1673 super
499 1627 643 1660 terram
675 1621 827 1660 defecto
859 1622 1006 1673 poplite
1037 1621 1198 1675 labens,

216 1679 386 1718 Pertulit
416 1680 633 1731 intrepidos
666 1679 713 1718 ad
745 1680 821 1718 sata
852 1681 1062 1719 novissima
1093 1681 1244 1720 vultus.

217 1738 328 1777 Tunc
360 1750 517 1790 quoque
550 1750 644 1777 cura
675 1738 749 1777 suit
778 1743 910 1789 partes
942 1738 1069 1777 velare
1101 1739 1312 1792 tegendas,

129 1804 197 1836 480
218 1796 316 1835 Cum
347 1797 534 1849 caderet,
565 1798 740 1848 castique
772 1797 893 1835 decus
925 1809 1100 1841 servat&
1112 1797 1296 1849 pudoris.

217 1855 390 1894 Troades
422 1856 651 1907 excipiunt,
682 1854 983 1906 deploratosque
1014 1861 1225 1895 recensent

217 1913 431 1952 Priamidas
449 1946 460 1966 ,
493 1919 533 1953 et
563 1914 668 1965 quod
700 1913 853 1952 dederit
883 1914 1022 1952 domus
1053 1926 1131 1953 una
1162 1914 1340 1966 cruoris3

217 1971 351 2022 Teque
378 1978 540 2023 gemunt
556 2003 568 2025 ,
593 1973 701 2023 virgo
720 2003 731 2025 ,
756 1977 874 2023 teque
893 2003 904 2025 ,
930 1984 952 2010 o
979 1972 1092 2011 modo
1118 1973 1226 2024 regia
1245 1973 1440 2025 coniunx,

218 2029 338 2080 Regia
370 2031 472 2069 dieta
502 2042 645 2082 parens
664 2062 675 2082 ,
706 2030 819 2069 Asiae
851 2030 1028 2070 florentis
1059 2032 1211 2084 imago,

130 2094 197 2126 485
217 2087 330 2126 Nunc
363 2090 479 2127 etiam
509 2088 676 2140 praedae
714 2088 813 2128 mala
850 2101 936 2127 sors
955 2120 965 2140 ,
998 2101 1116 2139 quam
1152 2091 1276 2128 victor
1306 2089 1439 2130 Ulixes

217 2145 314 2184 Esse
347 2158 456 2185 suam
489 2147 638 2199 nollet,
670 2148 745 2186 nisi
778 2147 882 2198 quod
913 2152 1044 2186 tamen
1074 2146 1245 2187 Hectora
1275 2153 1391 2200 partu

217 2203 433 2243 Edideras.
473 2204 674 2244 dominum
706 2207 821 2244 matri
853 2207 915 2244 vix
945 2207 1122 2257 repperit
1150 2205 1320 2246 Hector.

218 2261 325 2307 Quae
357 2274 501 2313 corpus
534 2263 734 2314 complexa
766 2265 915 2303 animae
947 2269 1026 2303 tam
1057 2264 1172 2304 fortis
1202 2265 1342 2317 inane,

217 2319 321 2365 Quas
353 2322 497 2360 totiens
527 2323 676 2373 patriae
708 2322 898 2375 dederat,
929 2323 1140 2375 natisque,
1169 2316 1356 2375 viroque,
