1518 2501
109 88 208 122 XXX

109 199 223 245 Iupp.
254 198 313 236 his
343 200 464 236 motus
488 198 594 244 priu.
645 205 778 232 omnes
811 192 916 243 libri,
946 192 1057 244 vitio,
1088 194 1135 232 ut
1160 193 1312 244 opinor,
1344 193 1445 232 satis

109 258 278 305 vetusto,
309 255 492 295 fortassis
525 266 570 292 ex
594 253 825 290 litteratura
855 251 1027 300 capitali.
1075 252 1135 290 his
1166 251 1200 290 si
1231 264 1303 301 pro
1335 252 1443 290 abla-

109 315 190 353 tivo
223 314 287 364 sit,
320 314 471 352 dicetur
501 313 636 351 Iovem
667 310 769 348 dona
799 309 1025 349 Iuventutis
1049 311 1306 360 praecepisse,
1337 310 1445 360 quod

109 373 288 411 fortassis
326 375 458 420 erunt,
497 371 563 419 qui
599 369 836 418 intellegant
873 364 1130 419 ‘maiam-mse,
1168 364 1444 408 accelerasse':

107 431 217 480 atqui
253 426 330 469 non
366 431 498 479 potest
535 427 711 477 praecipi
742 427 906 477 donum,
945 427 1050 476 quod
1080 427 1121 465 in
1152 427 1325 466 alterum
1355 438 1445 466 con-

107 489 269 528 feratur.
330 488 480 526 accedit
511 487 615 536 quod
644 486 704 524 his
732 489 856 525 motus
887 486 1003 536 satis,
1036 485 1167 536 siquid
1199 486 1347 536 sentio,
1378 486 1447 525 ab·

108 547 225 586 surde
263 547 406 585 dicitur
439 546 486 584 de
518 545 681 594 duplici,
718 545 834 596 puto,
871 544 998 594 petito
1029 544 1099 583 illo
1130 558 1194 584 vv.
1213 545 1313 595 414,
1344 545 1446 595 415,

107 607 152 643 ut
187 617 309 644 annos
347 607 387 643 et
426 606 472 642 ut
507 604 700 642 ultionem
731 603 815 652 det3
855 603 1030 652 satisque
1067 603 1273 652 probabile
1304 602 1447 654 habeo,

106 676 264 702 versum
307 663 571 712 posteriorem
614 662 748 711 inepte
792 661 1001 700 confictum
1045 674 1131 700 esse
1174 661 1224 700 ad
1267 662 1444 711 ineptam

105 722 474 770 interpretationem
504 719 755 758 fulciendam.
804 720 1060 769 participium
1090 720 1190 758 illud
1221 723 1344 759 motus
1373 720 1444 758 im-

105 780 331 829 pedimento
363 780 457 829 fuit,
496 779 703 828 quominus
740 778 800 816 his
829 778 1065 827 iungeretur
1102 790 1191 816 cum
1220 780 1446 829 praecipiet,

106 834 300 888 ‘Iuppiter
342 838 562 876 infantibus
606 837 685 875 illis
730 836 947 886 anticipata
990 837 1186 886 largietur
1229 849 1292 888 ea,
1343 849 1447 887 quae

105 897 216 935 Hebe
248 897 341 935 olim
372 896 516 935 datura
546 891 660 934 erat’.
710 896 839 933 restat
870 895 1100 934 subtumida
1125 896 1264 946 oratio,
1295 895 1373 934 nisi
1398 907 1446 934 ea

106 955 208 993 dona
239 955 426 993 disertius
458 955 751 1004 nuncupentur,
788 953 899 992 cuius
937 954 1044 992 modi
1079 966 1223 993 nomen
1253 954 1444 1003 praemis·

107 1026 193 1051 sum
230 1013 469 1062 appositioni
506 1014 608 1051 dona
643 1012 764 1050 latuit
802 1011 951 1050 scilicet
988 1012 1029 1050 in
1066 1015 1200 1052 motus.
1263 1012 1444 1052 substan-

107 1072 231 1110 tivum
274 1075 408 1110 auctus
452 1071 588 1109 eodem
630 1082 793 1108 numero
838 1073 900 1109 est
941 1070 1049 1109 Fast.
1075 1079 1092 1108 1
1132 1072 1233 1121 679,
1276 1071 1443 1111 verbum

105 1142 193 1167 cum
242 1132 401 1168 vetusta
450 1142 527 1167 non
581 1129 740 1167 indocta
794 1129 930 1177 glossa
980 1141 1100 1177 supra
1148 1137 1197 1168 IV
1230 1130 1316 1168 660
1365 1130 1445 1169 tum

105 1192 232 1235 partes
270 1191 403 1226 auctus
435 1187 571 1234 (altus)
607 1189 649 1225 in
680 1198 807 1225 ommes
839 1186 976 1225 Crevit.
1025 1199 1097 1226 nec
1127 1187 1304 1226 Lucretii
1334 1189 1430 1228 arbo

104 1248 160 1285 ris
197 1250 330 1286 auctus
361 1255 409 1285 VI
432 1247 514 1284 168
560 1246 610 1283 ad
652 1245 874 1283 rhetoricae
913 1245 1068 1295 figurae
1109 1246 1346 1285 inanitatem
1385 1259 1440 1286 re-

105 1305 343 1344 vocaverim:
381 1305 493 1354 ligna
530 1304 683 1342 arboris
721 1304 974 1342 incrementis
1007 1304 1147 1343 annuis
1179 1305 1445 1357 adaugentur,

106 1376 320 1413 eorumque
358 1363 531 1412 vestigia
567 1374 645 1400 non
682 1362 723 1399 in
754 1362 954 1406 omnibus,
991 1363 1129 1401 multis
1161 1365 1312 1414 tamen,
1345 1364 1446 1415 olea,

107 1434 270 1471 quercu,
307 1421 402 1470 pinu
435 1422 556 1459 etiam
591 1421 633 1458 in
664 1421 783 1459 Italia
815 1423 991 1460 servant:
1030 1422 1270 1471 perspicacis
1301 1424 1445 1472 poetae

107 1492 153 1518 ea
190 1482 251 1519 est
288 1479 587 1519 animadversio.
721 1478 995 1518 Coniecturam
1026 1480 1152 1529 Raph.
1190 1481 1307 1531 Regii
1347 1476 1444 1533 (nisi

107 1539 304 1587 scriptura
334 1539 374 1576 M
407 1533 497 1589 est,)
530 1537 671 1576 admisi
700 1539 795 1587 221,
826 1537 1046 1576 Burmanni
1076 1540 1196 1585 fando
1223 1540 1247 1578 8
1279 1540 1444 1588 paulum

107 1597 262 1647 aberat,
301 1597 396 1646 quin
427 1597 562 1634 darem
600 1598 763 1645 propter
794 1596 970 1634 locorum
1001 1605 1064 1635 XV
1085 1599 1168 1636 497
1202 1597 1324 1648 Verg.
1344 1598 1443 1637 Aen.

107 1664 140 1693 11
162 1657 212 1693 81
249 1655 559 1693 similitudinem.
609 1667 655 1692 ex
686 1655 718 1692 E
758 1655 961 1704 adsumpsi
996 1658 1061 1704 17,
1099 1658 1209 1707 puto,
1248 1668 1374 1705 reyem
1404 1660 1444 1696 et

108 1715 160 1751 26
199 1715 313 1753 malis
350 1709 409 1764 <M
447 1708 584 1765 males)
635 1714 689 1751 33
722 1725 839 1752 varas
877 1709 1015 1764 (etiam
1046 1714 1087 1751 M
1124 1727 1196 1765 pro
1233 1727 1317 1754 var.
1349 1711 1444 1769 scr.)

110 1774 160 1810 39
213 1774 268 1810 40
317 1774 371 1810 46
407 1766 541 1823 (fortes
565 1772 645 1810 vida·
676 1766 735 1823 M)
787 1773 839 1810 65
893 1774 942 1811 71
979 1776 1126 1811 centum
1156 1786 1239 1812 var.
1272 1785 1344 1812 scr.
1378 1768 1442 1827 (ut

109 1830 227 1868 etiam
253 1826 311 1882 M)
363 1831 414 1869 93
450 1826 566 1882 (sumt
591 1824 650 1881 M)
698 1831 778 1868 123
829 1831 908 1869 127
958 1833 1037 1869 179
1071 1833 1106 1870 si
1130 1833 1198 1871 tibi
1231 1826 1295 1884 (ut
1322 1833 1444 1871 etiam

109 1889 139 1925 L
172 1891 274 1926 teste
305 1884 454 1940 Madv.)
506 1890 587 1927 243
620 1890 689 1927 iste
719 1889 894 1936 voluptas
926 1884 1167 1940 (MOEN273
1221 1891 1303 1930 279
1357 1892 1442 1930 286

110 1947 191 1984 289
244 1948 325 1985 326
378 1948 457 1985 332
512 1948 595 1986 334
620 1947 662 1985 in
686 1959 763 1986 ras.
815 1948 897 1985 348
951 1948 1034 1986 356
1068 1946 1307 1998 (amphysos)
1359 1951 1440 1990 367

110 2005 190 2042 381
245 2005 326 2043 387
361 2000 526 2056 (tantum
568 2000 627 2057 M)
680 2006 761 2044 397
814 2007 897 2044 405
951 2007 1034 2045 413
1087 2001 1201 2059 (petit
1241 2002 1307 2060 M)
1357 2010 1442 2047 417

109 2064 191 2100 422
215 2058 358 2114 (mitem
376 2058 435 2115 M)
456 2066 496 2101 et
515 2065 598 2102 423
643 2064 729 2102 440
773 2065 856 2102 452
880 2068 1101 2112 praestanti
1121 2061 1179 2118 (in
1198 2066 1239 2104 M
1259 2062 1442 2120 dubium)

108 2122 191 2159 475
243 2123 339 2171 488,
366 2123 448 2160 489
478 2117 593 2173 (quos
619 2123 815 2161 contraxit
839 2119 898 2174 M)
949 2125 1032 2163 513
1086 2126 1167 2163 529
1220 2125 1303 2164 537
1337 2120 1444 2178 (115³)

110 2181 190 2217 541
251 2181 334 2218 560
390 2181 490 2229 569,
523 2182 617 2229 puto
663 2182 745 2220 578
780 2176 883 2233 (MP)
941 2183 1022 2221 581
1083 2184 1164 2222 583
1223 2184 1304 2223 595
1358 2185 1442 2223 606

109 2234 205 2287 (ψεῖ
245 2233 336 2288 MP)
393 2239 473 2277 639
534 2240 614 2277 651
662 2240 757 2277 656
817 2242 897 2278 675
952 2242 1033 2280 679
1088 2242 1169 2280 706
1223 2243 1303 2281 741
1359 2243 1442 2282 753

112 2297 194 2334 760
247 2297 341 2334 767.
