1527 2580
556 136 628 179 ΠΙ,
654 139 815 172 68—139
835 163 842 171 .
913 149 1064 172 cnutus.
1091 149 1246 172 aci-uzon
1310 137 1365 178 49

149 245 334 298 Vipereos
366 245 503 285 dentes
522 276 533 297 ,
565 245 697 297 populi
730 247 971 285 incrementa
1004 247 1149 286 futuri.

148 303 265 344 Paret
290 309 329 343 et
359 310 404 343 ut
434 315 571 355 presso
604 304 757 343 sulcum
789 305 973 356 patefecit
1004 310 1156 357 aratro,

63 370 129 403 105
151 362 308 415 Spar-git
337 362 446 401 humi
477 363 605 402 iussos
624 394 635 415 ,
661 363 837 402 mortalia
871 365 1018 403 semina
1036 395 1047 416 ,
1080 363 1241 402 dentes.

149 420 272 473 Inde,
304 420 378 460 fide
410 422 534 460 maius
553 452 564 474 ,
595 420 753 472 glaebae
787 433 952 474 coepere
985 423 1156 473 moveri,

150 479 357 531 Primaque
389 478 437 518 de
470 479 589 519 sulcis
621 481 723 519 acies
755 482 934 532 apparuit
964 480 1122 533 hastae,

149 537 336 589 Tegmina
367 550 455 577 mox
488 539 658 590 capitum
690 539 794 590 picto
827 540 1002 578 nutantia
1034 551 1156 591 con0,

149 596 237 635 Mox
269 597 395 636 umeri
426 602 643 648 pectusque
676 602 913 649 onerataque
943 596 1124 637 bracchia
1157 596 1244 636 telis

65 663 130 695 110
150 654 364 707 Existunt,
395 656 617 707 crescitque
649 667 761 707 seges
794 655 956 707 clipeata
988 657 1184 695 virorum.

152 713 216 753 Sic
247 711 315 753 uhi
347 712 540 753 toll-untur
571 714 682 753 sestis
715 713 846 753 aulaea
878 714 1064 767 theatris,

151 771 322 823 Surgere
354 773 464 823 signa
495 771 651 824 solent,
682 774 931 824 primumque
969 772 1176 812 ostendere
1216 771 1369 824 vultus,

151 830 290 870 Cetera
321 829 536 883 paulatim3
568 830 798 882 placidoque
831 831 970 871 educta
1002 837 1138 870 tenore

151 888 248 928 Tota
279 893 415 940 patent
439 890 597 940 imoque
628 889 749 940 pedes
780 890 820 928 in
851 891 1026 941 margine
1058 894 1233 940 ponunt.

65 954 130 987 115
150 946 330 986 Territus
361 945 473 986 hoste
506 958 606 986 novo
639 946 806 987 Cadmus
839 959 978 999 capere
1010 959 1115 987 arma
1147 946 1327 998 parabat.

152 1003 222 1044 ‘Ne
255 1016 349 1056 cape
368 1001 394 1057 ,'
427 1005 474 1044 de
505 1005 679 1057 populo,
712 1017 829 1057 quem
867 1011 972 1045 terra
1009 1011 1238 1056 creaverat,
1269 1015 1369 1043 unus

151 1062 350 1102 Exclamat
381 1059 470 1102 ‘nec
501 1069 539 1102 te
572 1063 750 1103 civilibus
781 1065 912 1103 insere
943 1060 1096 1103 hellis?

151 1123 277 1173 Atque
308 1122 362 1161 ita
391 1123 601 1174 terrigenis
632 1122 755 1173 rigido
789 1122 836 1161 de
868 1122 1054 1162 fratribus
1085 1133 1207 1161 unum

152 1180 378 1220 Comminus
405 1191 497 1219 ense
531 1180 650 1219 ferit:
681 1180 807 1219 iaculo
840 1180 943 1220 cadit
974 1181 1126 1220 eminus
1158 1180 1265 1230 ipse.

67 1247 132 1279 120
152 1238 266 1278 Hunc
298 1249 455 1290 quoque
488 1239 555 1290 qui
586 1238 663 1278 leto
696 1238 886 1291 dederat,
912 1250 989 1278 non
1022 1238 1175 1290 longius
1206 1236 1270 1276 illo

152 1296 281 1349 Vivit,
314 1302 354 1336 et
384 1298 558 1348 exspirat
588 1296 702 1336 modo
736 1309 832 1348 quas
864 1302 1096 1349 acceperat,
1128 1307 1264 1335 auras.

153 1353 419 1407 Exemploque
450 1356 534 1407 pari
567 1355 664 1394 furit
695 1357 820 1395 omnis
852 1354 966 1395 turba
985 1387 996 1408 ‚
1028 1366 1178 1406 suoque

153 1414 275 1453 Marte
307 1413 479 1452 cadunt.
520 1412 660 1464 [subiti
690 1425 762 1466 per
793 1419 928 1453 mutua
959 1413 1118 1453 vulnera
1145 1413 1286 1451 fratres
1302 1410 1327 1462 .]

153 1472 311 1523 lamque
343 1471 473 1511 brevis
504 1473 605 1511 vitae
632 1473 802 1524 spatium
833 1473 970 1512 sortita
1001 1473 1184 1511 iuventus

68 1539 132 1571 125
156 1531 377 1582 Sanguineo
409 1529 580 1582 tepidam
610 1530 817 1583 plangebat
846 1536 1007 1583 pectore
1039 1535 1226 1581 matrem,

155 1589 338 1640 Quinque
370 1588 681 1641 superstitibus:
713 1601 881 1641 quorum
913 1589 988 1628 suit
1018 1600 1121 1628 unus
1152 1586 1323 1626 Echion.

155 1647 192 1687 Is
224 1659 294 1687 sua
324 1648 418 1687 iecit
448 1647 566 1687 humo
599 1649 750 1687 monitu
782 1647 996 1687 Tritonidis
1028 1659 1157 1699 arma,

155 1705 447 1758 Fraternaeque
479 1706 595 1746 fidem
626 1707 735 1758 pacis
765 1707 957 1758 petiitque
989 1705 1195 1756 deditque.

155 1764 235 1804 Hos
266 1766 397 1816 operis
429 1766 592 1804 comites
622 1764 759 1804 habuit
791 1764 975 1804 Sidonius
1006 1764 1173 1815 hospes,

69 1831 135 1864 130
156 1823 253 1862 Cum
285 1823 417 1874 posuit
446 1824 593 1862 iussam
623 1822 815 1862 Phoebeis
848 1821 1021 1862 sortibus
1052 1820 1214 1861 urbem.

213 1880 293 1920 Iam
325 1880 479 1921 stabant
509 1880 666 1921 Thebae
686 1912 695 1922 .
732 1886 890 1933 poteras
909 1881 983 1919 iam
1003 1912 1014 1933 ,
1047 1879 1219 1933 Cadme,
1252 1879 1372 1919 videri

155 1939 279 1978 Exilio
312 1939 433 1980 felix:
465 1940 594 1979 soceri
625 1938 696 1979 tibi
726 1939 908 1990 Marsque
940 1938 1149 1990 Venusque

156 1997 437 2049 Contigerant.
475 1998 552 2037 huc
584 1997 680 2038 adde
711 2010 835 2050 genus
866 1997 914 2037 de
947 1998 1112 2048 coniuge
1145 2002 1274 2046 tanta,

156 2056 232 2095 Tot
262 2062 373 2096 natos
399 2062 587 2108 natasque
620 2063 660 2096 et
678 2088 689 2109 ,
719 2057 881 2108 pignera
913 2067 1002 2095 cara
1020 2086 1031 2108 ,
1063 2061 1249 2107 nepotes,

72 2123 136 2155 135
156 2114 236 2153 Hos
268 2127 424 2166 quoque
455 2116 531 2154 iam
562 2116 724 2154 iuvenes
743 2145 753 2154 .
784 2114 852 2153 sed
885 2113 1035 2154 scilicet
1052 2114 1188 2153 ultima
1220 2126 1373 2165 semper

155 2173 404 2225 Expectanda
435 2172 518 2212 dies
549 2173 726 2226 homini,
752 2172 906 2224 dicique
938 2172 1076 2212 beatus

156 2232 255 2271 Ante
288 2231 438 2271 obitum
469 2243 584 2271 nemo
617 2242 878 2283 supremaque
910 2232 1047 2270 funera
1080 2230 1218 2270 debet.

214 2290 343 2330 Prima
375 2302 497 2342 nepos
528 2291 632 2329 inter
663 2295 722 2329 tot
752 2301 816 2329 res
848 2288 918 2329 tibi
937 2322 948 2342 ‚
981 2289 1122 2329 Cadme
1142 2321 1152 2341 ,
1184 2288 1375 2328 secundas

156 2347 280 2389 Causa
311 2349 386 2389 suit
415 2349 544 2388 luctus
563 2380 574 2401 ,
600 2347 800 2401 alienaque
833 2360 979 2388 cornua
1011 2348 1132 2387 fronti

109 2420 224 2448 ovm.
243 2421 293 2449 11.
1073 2418 1095 2448 4
