1527 2580
530 140 595 175 Vll
611 167 623 185 ,
649 145 833 177 781-853
850 169 856 175 .
1002 154 1140 177 1110611111
1288 142 1365 184 149

150 249 360 290 Blanditias
391 249 525 302 plures
558 256 597 290 et
627 246 702 289 “tu
736 250 828 289 mihi
862 263 997 302 magna
1029 250 1204 303 voluptas
1217 248 1243 303 ,⁹

151 309 289 348 Dicere
321 310 394 347 sim
427 307 565 347 solitus
597 307 655 347 ‘tu
688 321 747 348 me
781 310 987 360 reficisque
1022 310 1229 361 fovesque:

151 367 210 407 Tu
244 367 367 419 facis,
401 372 443 406 ut
474 366 588 405 silvas
607 399 618 419 ,
651 374 694 406 ut
726 379 850 406 amem
883 367 964 406 loca
991 368 1100 419 sola3
1133 380 1297 419 meoque

63 433 130 465 820
152 426 323 477 Spiritus
354 427 428 464 iste
461 431 551 464 tuus
583 437 738 476 semper
771 431 948 477 captatur
980 425 1026 465 ab
1059 438 1126 466 ore
1141 423 1182 466 .'’

151 483 320 524 Vocibus
352 483 543 535 ambiguis
575 483 776 535 deceptam
809 484 988 536 praebuit
1020 496 1153 524 aurem

150 542 291 582 Nescio
324 544 441 595 quis,
473 553 693 593 nomenque
727 554 842 581 aurae
878 549 954 582 tam
986 555 1101 595 saepe
1133 550 1309 583 vocatum

151 601 246 641 Esse
278 607 420 653 putans
454 600 673 653 nymphae,
706 601 914 653 nympham
946 602 1040 640 mihi
1072 602 1197 641 credit
1228 604 1368 642 amari.

151 660 334 699 Criminis
367 659 561 710 extemplo
593 660 673 698 ficti
706 661 937 699 temerarius
969 660 1084 699 index

63 725 129 757 825
150 718 315 758 Procrin
348 717 455 769 adit,
487 717 696 769 linguaque
730 719 853 757 refert
884 717 1013 758 audita
1045 731 1229 758 susurra.

152 776 318 816 Credula
350 788 415 815 res
447 788 554 815 amor
587 782 674 815 est.
713 776 843 816 subito
876 776 1057 829 conlapsa
1089 777 1245 829 dolore,

152 835 201 874 Ut
233 834 307 874 sibi
339 840 520 874 narratur
539 866 550 887 ,
583 835 751 874 cecidit:
783 835 976 887 longoque
1009 836 1156 875 refecta

151 894 345 946 Tempore
378 905 420 932 se
451 894 633 932 miseram
652 925 663 946 ,
695 905 737 933 se
770 895 838 933 fati
868 894 965 934 dixit
995 895 1142 946 iniqui3

153 952 286 1004 Deque
319 951 394 991 fide
428 957 565 1003 questa
598 957 658 990 est
688 958 728 991 et
759 953 922 991 crimine
954 954 1107 991 concita
1139 964 1235 992 vano

63 1018 131 1050 830
152 1010 265 1057 Quod
298 1009 393 1049 nihil
425 1016 514 1062 est,
546 1011 714 1062 metuit,
746 1012 886 1049 metuit
917 1012 1000 1049 sine
1022 1022 1186 1062 corpore
1207 1023 1370 1063 nomen,

153 1069 203 1109 Et
234 1068 341 1108 dolet
372 1068 507 1107 infelix
539 1068 659 1108 veluti
691 1069 737 1108 de
769 1068 915 1120 paelice
948 1081 1060 1108 vera.

156 1128 280 1180 Saepe
313 1133 443 1166 tamen
476 1126 655 1179 dubitat,
688 1133 898 1178 speratque
930 1128 1149 1166 miserrima
1182 1127 1283 1180 falli,

152 1186 378 1237 Indicioque
411 1184 528 1223 fidem
559 1191 697 1238 negat,
729 1191 796 1237 et,
829 1187 904 1224 nisi
936 1185 1076 1224 viderit
1107 1187 1213 1238 ipsa,

153 1245 389 1284 Damnatura
421 1245 483 1282 sui
514 1255 592 1282 non
625 1249 685 1282 est
716 1243 855 1282 delicta
882 1245 1032 1283 mariti.

65 1311 132 1343 835
153 1303 317 1342 Postera
349 1301 581 1354 depulerant
612 1302 786 1341 Aurorae
817 1301 963 1341 lumina
995 1307 1174 1341 noctem:

152 1361 342 1414 Egredior
361 1392 372 1413 ‚
402 1360 615 1412 silvamque
646 1366 766 1413 peto;
797 1362 999 1412 victorque
1030 1372 1239 1412 pererrans

155 1418 292 1460 “Aura
324 1420 412 1458 veni
431 1416 456 1472 ‚'
489 1419 568 1458 dixi
600 1416 832 1470 ‘nostroque
864 1419 1021 1458 medere
1054 1418 1178 1458 labori
1209 1441 1265 1446 —-

155 1479 206 1518 Et
236 1477 368 1518 subito
400 1478 568 1529 gemitus
600 1479 704 1517 inter
734 1490 820 1517 mea
852 1477 970 1517 verba
1000 1477 1159 1517 videbar

154 1537 296 1577 Nescio
330 1548 429 1588 quos
461 1535 616 1575 audisse
636 1567 645 1574 .
684 1533 819 1575 “veni'
856 1542 986 1575 tamen
1019 1533 1178 1589 ‘optima
1198 1533 1238 1575 !'’
1272 1536 1370 1576 dixi.

66 1603 134 1636 840
154 1595 308 1636 Fronde
341 1594 466 1634 levem
497 1606 637 1634 rursus
669 1596 877 1646 strepitum
909 1595 1076 1634 faciente
1108 1594 1253 1634 caduca

156 1654 252 1694 Sum
283 1659 392 1693 ratus
424 1665 511 1692 esse
543 1653 666 1692 feram
685 1685 696 1706 ‚
728 1653 928 1705 telumque
960 1653 1114 1692 volatile
1146 1654 1257 1692 misi.

153 1713 312 1753 Procris
344 1717 457 1764 erat,
488 1711 695 1762 medioque
727 1716 866 1751 tenens
896 1713 936 1751 111
967 1717 1127 1763 pectore
1160 1711 1299 1750 vulnus

155 1768 234 1811 “Ei
265 1770 359 1810 mihi
377 1767 419 1810 2²³
452 1769 696 1809 conclamat.
734 1782 807 1809 vox
838 1775 899 1809 est
929 1769 997 1809 ubi
1029 1771 1183 1821 cognita
1214 1769 1309 1808 fidae

156 1830 371 1882 Coniugis,
403 1828 450 1868 ad
482 1840 616 1868 vocem
646 1840 836 1880 praeceps
868 1840 1080 1879 amensque
1112 1829 1293 1867 cucurri.

67 1896 135 1928 845
157 1889 434 1928 Semianimem
467 1892 507 1926 et
537 1898 692 1939 sparsas
724 1886 945 1926 foedantem
976 1887 1165 1938 sanguine
1198 1892 1326 1925 vestes

155 1947 206 1987 Et
236 1958 335 1999 sua,
366 1958 428 1986 me
460 1944 678 1985 miserum!
711 1945 759 1985 de
791 1945 952 1984 vulnere
985 1944 1086 1984 dona
1118 1944 1335 1984 trahentem

155 2005 314 2044 Invenio
333 2036 345 2057 ,
376 2016 600 2056 corpusque
633 2016 720 2043 meo
752 2003 847 2043 mihi
878 2005 1007 2043 carius
1040 2003 1143 2042 ulnis

155 2062 338 2102 Mollibus
370 2062 503 2102 attollo
522 2072 540 2114 ‚'
565 2063 765 2114 scissaque
797 2075 818 2101 a
848 2067 1009 2114 pectore
1041 2067 1148 2102 veste

157 2121 326 2161 Vulnera
357 2133 470 2160 saeva
501 2120 608 2173 ligo,
640 2132 840 2172 conorque
872 2119 1051 2159 inhibere
1083 2131 1288 2170 cruorem,

67 2188 136 2221 850
156 2180 241 2220 Ν611
267 2191 329 2219 1116
361 2184 487 2218 morte
520 2191 590 2218 sua
621 2179 856 2218 sceleratum
887 2178 1072 2230 deserat,
1102 2190 1196 2218 oro.

156 2238 313 2278 Viribus
344 2237 408 2277 illa
441 2249 579 2277 carens
611 2243 651 2276 et
682 2238 757 2276 iam
789 2236 1021 2277 moribunda
1053 2238 1180 2288 coegit

156 2296 260 2336 Haec
292 2309 334 2336 se
365 2308 489 2349 pauca
520 2295 656 2347 loqui:
688 2293 791 2348 “per
822 2297 949 2335 nostri
980 2295 1139 2335 foedera
1168 2294 1283 2346 lecti,

156 2355 310 2408 Perque
341 2355 436 2395 deos
468 2355 632 2407 supplex
664 2366 733 2394 oro
766 2366 1010 2407 superosque
1042 2365 1253 2404 meosque,

1273 1416 1298 1434 ’2
