1554 2506
95 100 114 139 1
123 99 175 140 18
346 109 469 133 ruore
639 94 853 130 METAMM
867 122 874 130 .

209 209 283 254 Qui
315 208 424 247 locus
456 212 516 246 est
547 205 669 257 iuguli
702 204 854 245 medius
885 205 1107 256 summique
1137 204 1296 258 lacerti,

121 276 187 306 410
211 267 366 306 Defuit.
404 266 617 316 inpositum
650 269 708 303 est
740 276 817 303 non
851 264 1113 315 comparentis
1143 264 1184 302 in
1215 275 1332 303 usum

208 326 335 365 Partis
369 324 495 375 ebur3
527 323 707 374 factoque
739 321 880 375 Pelops
912 323 986 361 fuit
1017 323 1170 373 integer
1202 321 1289 361 illo.

266 384 440 423 Finitimi
470 393 658 433 proceres
690 384 862 434 coeunt,
895 380 1093 432 urbesque
1124 381 1367 433 propinquae

208 442 262 482 Or
311 454 378 481 ere
410 452 502 480 suos
533 441 591 479 ire
624 440 670 480 ad
701 440 842 479 solacia
874 451 1010 492 regeS,

208 454 410 552 Arquue
443 504 483 538 et
514 499 653 551 Sparte
685 498 1017 551 Pelopeiadesque
1049 497 1255 550 Mycenae,

120 568 186 598 415
207 559 257 599 Et
288 558 463 597 nondum
494 563 626 597 torvae
657 557 827 609 Calydon
859 558 982 596 invisa
1014 556 1180 608 Dianae,

208 617 555 667 Orchomenosque
588 617 695 656 ferax
728 622 767 655 et
798 615 938 655 nobilis
970 627 1060 655 aere
1092 614 1327 667 Corinthus,

206 676 464 727 Messeneque
496 676 606 715 ferox
636 675 855 726 Patraeque
887 673 1133 725 humilesque
1166 673 1332 713 Cleonae

207 735 256 774 Et
287 734 406 774 Nelea
436 733 580 787 Pylos,
612 746 740 785 neque
772 733 898 772 adhuc
929 732 1098 772 Pittheia
1128 732 1327 784 Troezen,

208 794 395 845 Quaeque
427 792 547 832 urbes
573 792 668 832 aliae
700 792 839 831 bimari
871 791 1107 831 clauduntur
1138 789 1184 830 ab
1216 789 1385 844 Isthmo,

120 860 187 892 420
207 852 470 904 Exteriusque
503 853 599 891 sitae
631 851 771 891 bimari
802 855 1030 902 spectantur
1062 849 1109 889 ab
1140 848 1309 889 Isthmo.

209 911 379 950 Credere
413 912 500 962 quis
531 908 706 962 posset?
737 909 841 949 solae
873 910 1057 948 cessastis
1089 907 1286 948 Athenae.

209 969 371 1009 Obstitit
402 970 529 1008 officio
562 968 708 1008 bellum
727 1001 738 1021 ,
770 968 1034 1019 subvectaque
1065 972 1186 1019 ponto

208 1028 377 1068 Barbara
407 1027 630 1079 Mopsopios
661 1027 864 1067 terrebant
894 1028 1045 1078 agmina
1077 1037 1233 1065 muros.

207 1087 414 1126 Threicius
445 1086 596 1125 Tereus
628 1086 724 1126 haec
755 1084 1008 1125 auxiliaribus
1040 1086 1159 1124 armis

120 1154 185 1185 425
211 1145 379 1185 Fuderat
397 1177 408 1198 ,
440 1151 480 1184 et
511 1145 660 1184 clarum
691 1143 882 1184 vincendo
914 1155 1056 1183 nomen
1087 1142 1277 1182 habebat:
1369 1187 1372 1190 ⁴

208 1205 334 1251 Quem
366 1203 441 1243 sibi
471 1203 647 1243 Pandion
680 1202 898 1255 opibusque
930 1203 1102 1253 virisque
1134 1206 1335 1253 potentem

207 1262 257 1302 Et
287 1275 411 1314 genus
443 1274 463 1301 a
495 1274 634 1314 magno
667 1262 876 1301 ducentem
907 1261 1008 1300 forte
1041 1260 1206 1300 Gradivo

209 1321 385 1361 Conubio
417 1320 592 1372 Prognes
625 1322 779 1360 iunxit.
818 1332 894 1359 non
928 1318 1106 1372 pronuba
1136 1318 1259 1371 Iuno,

207 1380 294 1419 Non
325 1379 571 1432 Hymenaeus
604 1379 742 1432 adest,
774 1391 852 1418 non
883 1378 939 1418 illi
971 1378 1101 1417 Gratia
1132 1377 1257 1417 lecto.

119 1447 186 1479 430
206 1438 444 1478 Eumenides
477 1444 639 1477 tenuere
672 1439 776 1477 faces
808 1437 854 1476 de
888 1437 1026 1477 funere
1058 1442 1212 1488 raptas;

208 1497 444 1537 Eumenides
477 1503 650 1536 stravere
683 1502 812 1536 torum
831 1527 843 1549 ,
874 1501 1057 1547 tectoque
1088 1495 1277 1547 profanus

208 1556 390 1596 Incubuit
420 1555 524 1595 hubo
556 1555 791 1606 thalamique
822 1556 861 1594 in
895 1553 1063 1593 culmine
1094 1553 1218 1593 sedit.

208 1615 288 1655 Hac
319 1627 388 1654 ave
420 1616 620 1654 coniuncti
651 1614 806 1665 Progne
837 1613 1068 1664 Tereusque
1087 1644 1097 1664 ,
1128 1617 1312 1664 parentes

208 1673 288 1713 Hac
320 1685 388 1712 ave
420 1678 513 1712 sunt
544 1674 664 1712 facti.
702 1677 850 1724 gratata
883 1677 942 1711 est
973 1671 1124 1711 scilicet
1154 1671 1229 1710 illis

120 1741 187 1772 435
207 1732 402 1785 Thracia,
434 1732 572 1783 disque
604 1733 680 1783 ipsi
710 1736 839 1783 grates
872 1742 1016 1783 egere.
1055 1729 1260 1782 diemque,

209 1791 371 1843 Quaque
404 1790 491 1830 data
523 1796 583 1830 est
614 1790 717 1829 claro
748 1789 948 1829 Pandione
979 1793 1069 1828 nata
1100 1793 1289 1841 tyranno,

209 1850 372 1901 Quaque
404 1853 488 1888 erat
520 1854 629 1888 ortus
661 1848 768 1901 Itys,
800 1849 944 1887 festum
976 1848 1128 1886 iussere
1158 1848 1311 1886 vocari.

208 1908 341 1960 Usque
373 1908 468 1947 adeo
499 1908 593 1947 latet
624 1907 798 1946 utilitas,
836 1908 913 1945 iam
944 1906 1127 1958 temp‘ora
1150 1904 1272 1944 Titan>

210 1967 390 2018 Quinque
422 1979 492 2018 per
524 1971 732 2006 autumnos
763 1966 921 2017 repetiti
952 1964 1117 2004 duxerat
1147 1960 1260 2003 anniss

121 2033 188 2065 440
210 2024 307 2064 Cum
338 2024 508 2064 blandita
539 2027 622 2064 viro
653 2024 808 2075 Progne
840 2021 889 2062 ‘si
920 2020 1057 2074 gratia'
1090 2022 1186 2062 dixit

209 2081 307 2122 ‘Ulla
339 2095 423 2123 mea
462 2090 550 2137 est,
581 2083 642 2123 vel
673 2095 734 2122 me
767 2081 966 2122 visendam
997 2082 1108 2121 mitte
1141 2081 1291 2132 sorori,

209 2141 276 2181 Vel
308 2154 421 2181 soror
453 2142 530 2182 huc
562 2143 719 2181 veniat:
752 2141 967 2181 redituram
998 2145 1175 2192 tempore
1206 2150 1325 2191 parvo

209 2200 421 2240 Promittes
453 2212 617 2240 socero:
648 2201 777 2251 magni
809 2199 904 2239 mihi
936 2199 1112 2240 muneris
1143 2199 1266 2237 instar

209 2258 441 2298 Germanam
474 2258 616 2298 vidisse
650 2255 799 2297 dabis?
831 2257 943 2297 iubet
973 2256 1038 2297 ille
1069 2257 1221 2296 carinas

120 2325 188 2358 445
210 2317 253 2357 ln
286 2318 385 2358 freta
417 2316 588 2370 deduci,
620 2316 784 2370 veloque
817 2322 856 2355 et
887 2317 1034 2369 remige
1064 2320 1204 2369 portus
