1538 2496
56 124 142 165 274
191 134 342 158 onuo'rn.
370 132 560 155 conexum-ts
610 116 826 151 METAMM

87 242 154 273 670
175 231 349 271 Muneris
383 234 519 268 auctor
550 238 694 278 opem:
727 227 759 264 si
790 226 889 263 miro
921 224 1088 276 perdere
1120 236 1228 264 more

176 291 298 329 Ferre
330 293 491 327 vocatur
523 297 638 336 opem
658 316 666 323 .
705 296 778 323 nec
810 296 886 335 qua
917 285 1068 322 ratione
1101 284 1266 334 figuram

175 347 453 397 Perdiderint,
484 345 595 396 potui
627 345 728 382 scire
761 348 828 381 aut
858 354 964 381 nunc
996 342 1126 381 dicere
1158 354 1342 393 possum.

178 407 337 446 Summa
368 404 459 443 mali
490 408 582 442 nota
614 408 701 441 est:
733 413 882 453 pennas
914 412 1149 454 sumpsere,
1181 406 1350 452 tuaeque

178 465 362 514 Coniugis
381 465 421 501 in
441 461 621 500 volucres
633 492 644 513 ,
665 461 796 499 niveas
816 459 947 498 abiere
968 458 1168 498 columbas
1182 456 1206 498 .'
1255 467 1404 496 1 c1xxx.

91 532 159 565 675
238 522 397 561 Talibus
430 526 547 571 atque
580 519 663 558 aliis
695 525 904 570 postquam
936 519 1111 557 convivia
1143 517 1256 557 dictis

177 581 396 632 Implerunt
414 611 425 632 ,
456 591 591 617 mensa
623 590 804 617 somnum
835 578 986 628 petiere
1018 582 1191 615 remota.

180 641 356 690 Cumque
389 638 451 677 die
484 642 681 689 surgunt,
713 636 937 687 adeuntque
969 635 1125 674 oracula
1156 634 1328 675 Phoebi:

181 699 257 745 Qui
288 703 424 749 petere
457 698 658 747 antiquam
690 700 856 734 matrem
889 699 1130 745 cognataque
1162 695 1278 732 iussit

178 757 312 796 Litora
331 788 339 796 .
377 756 633 807 prosequitur
664 766 734 793 rex
753 785 764 806 ,
796 759 836 792 et
867 753 932 792 dat
963 764 1106 791 munus
1138 753 1276 804 ituris,

92 825 160 857 680
180 815 371 854 Anchisae
403 819 604 865 sceptrum
622 845 633 866 ‚
660 811 901 863 chlamydem
926 811 1229 862 pharetramque
1251 812 1409 864 nepoti,

181 874 380 914 Crateram
412 873 565 911 Aeneae
584 904 595 924 ‚
628 883 743 922 quam
776 870 973 922 quondam
1004 869 1205 909 transtulit
1236 869 1291 909 illi

180 933 335 984 Hospes
367 931 414 970 ab
446 932 580 970 Aoniis
611 930 782 969 Therses
814 929 1007 968 Ismenius
1039 930 1142 967 oris.

180 992 341 1031 Miserat
370 991 470 1029 hanc
502 989 558 1028 illi
589 989 760 1027 Therses
780 1020 790 1040 ‚
823 987 1080 1026 fabricaverat
1111 986 1232 1026 Alcon

181 1050 327 1102 Hyleus
346 1081 358 1102 ‚
389 1054 428 1088 et
459 1049 574 1099 longo
608 1047 824 1086 caelaverat
855 1051 1108 1097 argumento.

96 1116 162 1150 685
182 1108 285 1148 Urbs
318 1113 431 1159 erat,
464 1113 503 1146 et
535 1111 686 1158 septem
718 1117 854 1157 posses
887 1104 1097 1143 ostendere
1128 1109 1286 1155 portas:

182 1167 263 1206 Hae
289 1178 361 1218 pro
387 1167 545 1205 nomine
572 1169 713 1215 erant,
746 1169 785 1202 et
817 1175 915 1214 quae
942 1163 1045 1202 foret
1069 1162 1134 1201 illa
1152 1195 1163 1215 ‚
1195 1162 1413 1202 docebant.

182 1227 281 1264 Ante
313 1224 454 1263 urbem
485 1224 672 1274 exequiae
706 1221 926 1273 tumulique
956 1223 1145 1273 ignes-que
1177 1233 1376 1273 pyraeque

183 1284 420 1334 Effusaeque
453 1294 583 1321 comas
616 1286 655 1320 et
686 1285 844 1332 apertae
875 1286 1036 1332 pectora
1068 1285 1213 1319 matres

186 1343 415 1394 Significant
444 1341 623 1380 luctum.
661 1339 853 1391 nymphae
885 1351 1042 1390 quoque
1081 1338 1175 1377 ssere
1207 1338 1414 1393 videntur,

97 1410 165 1443 ooo
187 1401 441 1451 Siccatosque
474 1400 588 1451 queri
620 1398 778 1437 fontes:
811 1399 895 1437 sine
927 1397 1134 1436 frondibus
1167 1396 1283 1436 arbor

185 1459 298 1499 Nuda
328 1460 458 1509 riget:
490 1458 637 1496 rodunt
667 1458 816 1496 arentia
849 1468 940 1495 saxa
972 1456 1164 1508 capellae.

184 1518 287 1558 Ecce
320 1519 412 1556 facit
443 1516 583 1556 mediis
614 1520 723 1554 natas
750 1514 896 1553 Orione
928 1514 1096 1566 Thebis,

185 1577 296 1630 Hac,
329 1587 408 1615 non
440 1576 654 1614 femineum
684 1573 818 1625 iugulo
851 1573 944 1612 dare
974 1573 1116 1612 vulnus
1148 1579 1309 1626 aperto,

188 1635 308 1687 illac,
340 1635 511 1673 demisso
543 1645 614 1684 per
646 1634 789 1671 inertia
820 1631 982 1671 vulnere
1014 1631 1090 1670 tela

99 1702 165 1735 695
186 1694 263 1733 Pro
295 1692 440 1745 populo
472 1691 662 1731 cecid1sse
695 1703 765 1730 suo
797 1690 1052 1742 pulchrisque
1084 1702 1156 1742 per
1186 1689 1328 1729 urbem

187 1751 411 1792 Funeribus
443 1751 539 1790 ferri
571 1749 796 1800 celebrique
828 1751 867 1788 in
899 1755 1010 1801 parte
1043 1750 1233 1802 cremari3

187 1811 288 1850 Tum
307 1842 318 1863 ,
349 1810 396 1849 de
430 1810 602 1861 virginea
633 1809 809 1860 geminos
841 1809 947 1847 exire
980 1806 1128 1861 sardia,
1244 1815 1415 1843 f.c1>‹xxi.

188 1870 245 1908 Ne
278 1880 402 1920 genus
433 1869 631 1920 intereat,
662 1868 824 1906 iuvenes
843 1898 854 1919 ‚
887 1878 985 1917 quos
1017 1867 1117 1905 fama
1149 1865 1322 1905 Coronas

190 1928 401 1980 Nominat,
433 1932 473 1966 et
504 1927 628 1966 cineri
659 1930 835 1965 materno
869 1925 1014 1964 ducere
1045 1936 1250 1976 pompam.

104 1995 172 2027 700
192 1986 392 2025 Hactenus
423 1987 584 2036 antiquo
617 1986 739 2036 signis
771 1983 1011 2035 fulgentibus
1044 1995 1158 2036 aere,

193 2044 378 2084 Summus
410 2045 588 2083 inaurato
622 2048 751 2083 crater
785 2048 868 2081 erat
899 2054 1014 2093 asper
1045 2042 1234 2082 acantho.

192 2103 273 2142 Nec
304 2102 448 2141 leviora
480 2103 580 2141 datis
611 2102 771 2141 Troiani
803 2101 902 2139 dona
936 2102 1166 2152 remittunt,

193 2161 372 2212 Dantque
407 2161 601 2200 sacerdoti
634 2160 838 2200 custodem
870 2161 971 2199 turis
1003 2172 1201 2213 acerram,

193 2220 294 2259 Dant
324 2224 499 2271 pateram
531 2220 752 2270 claramque
785 2230 880 2257 auro
913 2220 1155 2269 gemmisque
1188 2229 1396 2258 coronam.

107 2286 173 2319 705
253 2278 346 2316 Inde
379 2277 574 2316 recordati
606 2277 782 2317 Teucros
814 2289 835 2316 a
867 2279 1056 2329 sanguine
1088 2276 1232 2316 Teucri
1289 2323 1293 2327 ,

194 2336 347 2381 Ducere
378 2337 616 2388 principium
634 2367 645 2389 ‚
679 2336 821 2375 Creten
854 2342 1049 2376 tenuere:
1080 2335 1233 2387 locique
