1507 2580
1196 105 1348 141 XXXIX

11 214 82 252 sub
114 214 315 252 arboribus
345 225 451 252 comt.
513 214 651 262 scripsi
682 213 868 254 LONGUS
901 223 958 252 AB
997 227 1067 264 pro
1101 227 1153 263 ya
1177 217 1258 266 sub,
1290 218 1348 254 uti

12 280 95 311 XIV
118 273 198 310 145
231 273 273 310 in
304 272 343 310 M
375 275 437 310 est
466 284 624 310 numero
655 274 723 311 sub
755 286 826 322 pro
857 285 920 312 ros
949 277 1001 311 ut.
1063 274 1196 322 longus
1225 278 1350 313 vertex

12 331 268 369 offensionem
286 342 364 369 non
384 330 520 368 habet:
554 331 706 378 longum
738 332 882 370 caelum
913 334 974 370 est
1006 340 1053 369 VI
1075 334 1141 370 64.
1190 333 1350 370 nomina

13 388 197 427 similiter
240 389 493 439 geminantur
530 397 614 426 VIII
636 390 737 427 585:
783 391 918 427 eadem
962 402 1083 439 prope
1123 388 1349 429 τοποθεεία

11 455 78 485 vn
99 449 181 486 779
221 455 306 486 vm
328 449 423 486 330.
543 444 627 485 928
655 455 755 486 Ams
783 457 894 486 mon
922 457 1061 487 ‘ruma‘
1083 456 1349 487 COLLEcTos

14 513 189 544 FEMINE
221 513 411 545 FLORES.
468 505 509 543 M
546 508 586 544 et
619 502 944 555 ‘praestantiores
977 503 1146 545 Heinsii’
1185 508 1264 546 coll.
1295 520 1350 546 sc·

11 566 132 603 mine:
167 564 237 602 alii
273 565 440 604 collectos
476 565 630 610 sedula;
667 565 923 613 interpolatio
961 566 1235 604 manifestaris,
1265 567 1349 604 eius

12 623 231 673 commatis,
264 623 368 672 quod
399 622 488 661 inde
520 634 544 660 a
575 623 705 661 codice
731 623 762 660 L
789 626 1009 673 grassatur,
1042 627 1081 662 et
1112 626 1247 662 tamen
1276 625 1350 663 hoc

11 681 96 720 loco
138 681 263 720 libros
307 694 441 720 omnes
479 681 670 737 Iffiisciani
702 690 748 720 VI
779 695 816 730 p.
838 684 920 720 242
966 683 1043 720 iam
1085 682 1240 721 insedit.
1302 683 1350 721 de

11 740 251 778 correctione
297 740 425 778 minor
473 740 701 778 haesitatio:
752 740 872 790 Verg.
911 739 980 779 Ge.
1017 749 1065 778 1v
1096 742 1173 778 181
1220 739 1350 780 C‘rura

11 799 135 846 thymo
167 799 322 848 plenae,
354 798 455 836 Plin.
487 798 579 836 Nat..
611 799 648 836 h.
681 807 729 836 XI
752 800 802 836 21
837 810 933 846 quae
962 801 1075 846 flores
1105 802 1351 850 comportant,

7 858 205 905 prioribus
229 858 393 905 pedibus
423 858 569 904 femina
594 860 755 895 onerant
776 857 938 905 propter
964 858 1003 895 id
1033 860 1176 896 natura
1201 859 1349 897 scabra.

107 911 190 953 967
225 915 403 954 ScYLLA
429 923 620 953 FURENS.
669 915 727 953 ita
756 915 808 953 M.
851 914 909 953 Sc.
930 917 1041 954 deum
1071 916 1215 965 reliqui
1245 916 1349 954 libri.

9 973 201 1024 putabam
230 974 356 1012 latere
385 981 578 1012 FAVENS.
640 975 702 1012 est
733 985 827 1012 sane
858 973 926 1011 ubi
965 974 1094 1011 scriba
1123 974 1164 1011 M
1197 986 1349 1013 erro-res

10 1032 240 1071 commissos
260 1033 424 1070 mutatis
444 1032 631 1081 proximis
651 1032 708 1070 ita
728 1033 968 1081 compensat,
990 1034 1034 1070 ut
1052 1033 1224 1070 metrum
1244 1034 1350 1071 certe

11 1093 210 1140 servetur,
242 1099 259 1128 1
282 1092 362 1130 166
405 1099 437 1129 x
460 1091 561 1140 1133
604 1099 620 1128 1
642 1092 726 1129 720
768 1099 802 1128 11
822 1091 904 1129 567
951 1099 1033 1129 vm
1057 1092 1136 1129 279
1183 1099 1233 1129 1x
1253 1092 1353 1141 423,

11 1161 56 1187 ac
86 1151 221 1198 potest
251 1161 298 1187 ea
324 1149 490 1187 audacia
515 1150 732 1187 accrevisse
758 1149 831 1187 hoc
855 1148 970 1200 libro,
997 1149 1064 1198 qui
1090 1151 1217 1187 scatet
1241 1150 1351 1188 vitiis

11 1208 95 1246 eius
139 1208 321 1257 Plurimis
366 1210 406 1246 et
448 1207 710 1258 gravissimis.
860 1206 1133 1245 Correctiones
1183 1208 1352 1246 aliorum

9 1267 161 1304 insunt:
197 1267 280 1304 144
312 1266 453 1313 nescio,
487 1266 615 1315 cuius,
646 1265 821 1303 Bentleii
842 1267 942 1315 2353
974 1265 1129 1303 Heinsii
1150 1267 1231 1304 276
1265 1267 1349 1305 487

13 1327 94 1363 719
130 1326 226 1363 833.
275 1336 322 1363 ex
352 1325 397 1374 E,
429 1324 571 1374 quibus
604 1324 820 1373 depravato
840 1324 881 1361 M
901 1324 1140 1373 obrogatum
1172 1326 1252 1374 est,
1283 1337 1350 1363 no-

10 1384 94 1422 tavi
136 1385 158 1421 7
190 1384 241 1421 16
272 1384 324 1422 27
347 1384 494 1422 omissa
538 1384 592 1421 33
627 1384 680 1421 53
701 1383 818 1431 plura.
863 1383 916 1420 64
945 1383 1012 1432 82,
1034 1383 1087 1420 83
1110 1383 1257 1421 omissa
1296 1385 1348 1422 91

12 1444 94 1481 119
143 1442 343 1492 129,154
391 1443 472 1480 132
521 1441 602 1479 158
640 1442 722 1479 174
743 1441 860 1479 eman
885 1453 959 1479 om.
1012 1441 1093 1478 175
1120 1452 1274 1489 scyrum
1293 1437 1352 1491 (M

9 1497 80 1552 al.)
138 1502 219 1538 177
269 1501 350 1539 195
399 1502 478 1538 197
533 1500 614 1537 211
650 1512 724 1537 om.
782 1500 862 1537 221
912 1501 993 1537 226
1041 1500 1123 1537 247
1157 1501 1256 1547 quod
1293 1495 1352 1551 (M

10 1554 79 1612 al.)
137 1559 220 1597 276
253 1558 303 1596 ad
336 1559 418 1597 343
452 1571 527 1596 om.
588 1559 672 1596 360
716 1559 799 1596 374
846 1558 929 1596 384
960 1560 1085 1606 iynem
1135 1559 1219 1596 416
1265 1559 1349 1597 432

9 1619 94 1657 466
151 1618 234 1656 523
291 1618 373 1656 539
433 1618 516 1655 562
573 1617 654 1654 607
712 1617 794 1654 615
851 1616 932 1654 663
989 1617 1072 1654 684
1128 1617 1212 1654 720
1267 1617 1348 1655 731

11 1677 95 1715 736
154 1676 237 1714 748
294 1676 377 1715 852
436 1676 518 1714 865
578 1675 661 1713 868
722 1675 804 1713 877
840 1677 962 1724 aetne,
1006 1676 1052 1712 ut
1082 1673 1123 1711 M
1162 1674 1236 1712 sub
1273 1686 1351 1713 ras.

12 1736 95 1774 895
148 1735 230 1773 905
283 1736 367 1773 914
406 1729 465 1784 (M
502 1728 571 1786 al.)
628 1734 735 1772 925·
764 1733 846 1771 933
881 1744 993 1771 casus
1031 1730 1099 1783 (M.
1139 1727 1207 1784 al.)
1266 1733 1348 1772 937

13 1794 96 1832 940
147 1794 229 1831 949
283 1794 364 1831 957
419 1794 514 1831 960.

127 1847 234 1890 LIB.
265 1846 368 1889 XIV
405 1864 440 1889 v.
471 1848 554 1889 160
584 1859 764 1900 MEDns,
796 1858 869 1899 EN,
900 1857 1106 1888 RUPIBUs.
1168 1851 1303 1888 mediis
1334 1862 1352 1888 e

9 1922 96 1959 rup.
127 1910 186 1959 M;
233 1910 368 1948 mediis
405 1911 470 1957 qui
505 1921 592 1957 rup.
623 1909 656 1947 E
689 1909 769 1947 alii.
829 1909 1043 1957 particula,
1076 1920 1194 1957 quam
1224 1903 1352 1959 p'osui,

11 1969 87 2007 etsi
123 1968 165 2006 in
201 1970 429 2007 narratione
472 1970 614 2017 poetae
657 1967 794 2006 eodem
837 1967 939 2016 loeo,
983 1979 1059 2016 quo
1103 1978 1198 2016 ecce,
1241 1968 1352 2005 velut

11 2027 119 2065 edita
150 2029 212 2065 est
242 2027 292 2065 ab
318 2027 494 2076 Hauptio
526 2035 591 2065 vn
613 2028 709 2075 317,
740 2026 926 2074 usurpari
956 2037 1035 2062 non
1064 2025 1234 2075 videtur,
1265 2027 1351 2074 pot-

11 2088 74 2124 est
110 2086 244 2123 tamen
280 2097 302 2123 e
339 2097 518 2124 sermone
550 2085 720 2122 Macarei
759 2084 843 2122 cius
881 2084 1004 2134 modi,
1042 2085 1087 2122 ut
1118 2092 1147 2121 V
1168 2084 1252 2121 518
1284 2084 1351 2122 En

10 2146 185 2192 quaesita
203 2144 494 2192 diu—reperta
513 2147 576 2193 est,
596 2143 752 2181 reddita
769 2143 915 2191 putari.
1038 2138 1121 2181 185
1140 2149 1348 2181 FLUCTUS

10 2210 250 2241 IACTUSVE.
305 2204 442 2249 fluetus
478 2205 663 2240 uentusue
699 2201 750 2239 M.
800 2203 986 2248 fluctusue
1017 2201 1166 2249 lapisue
1196 2201 1349 2250 reliqui.

10 2261 203 2311 putabam
227 2261 399 2300 scribam
424 2261 465 2298 M
490 2261 647 2309 lapsum
677 2260 719 2298 in
750 2260 1029 2298 terminatione
1053 2259 1348 2309 vocabulorum,

8 2331 60 2358 ne
95 2320 259 2358 lituram
294 2320 460 2370 faceret,
498 2319 607 2357 aliud
644 2318 911 2358 substituisse.
971 2321 1140 2370 possunt
1178 2318 1258 2355 alia
1292 2318 1349 2354 in-
