1554 2506
92 80 175 121 140
342 92 474 115 Aeacus
649 78 863 113 METAMM
875 108 881 114 .

209 189 436 240 Cecropidis
467 189 538 227 hac
571 194 631 226 est
661 187 806 228 tellus:
839 200 883 227 ea
914 188 1071 228 foedera
1105 186 1255 228 nobis?

209 247 352 287 Tristis
384 247 464 286 abit
495 243 685 285 ‘stabunt'
719 258 795 297 que
828 243 915 285 ‘tihi
946 252 1012 286 tua
1046 247 1203 287 foedera
1235 245 1388 300 magno’

209 306 340 358 Dixit,
373 311 412 344 et
436 304 571 344 utilius
603 304 750 344 bellum
780 310 894 356 putat
925 317 1011 344 esse
1044 307 1204 359 minari,

209 364 332 410 Quam
364 375 502 414 gerere
535 368 652 414 atque
685 375 774 402 suas
806 363 860 402 ibi
891 375 1220 415 praeconsumere
1253 366 1377 406 vires.

120 432 188 463 490
209 422 274 462 Cla
298 423 351 460 sis
383 421 430 460 ab
463 420 649 473 Oenopiis
681 422 895 461 etiamnum
926 421 1058 474 Lyctia
1083 424 1206 462 muris

211 434 388 577 Spjctari
418 484 601 532 poterat,
634 492 723 519 cum
754 480 870 532 pleno
897 482 1051 520 concita
1083 480 1167 520 velo

208 539 256 578 At
274 539 333 577 ica
363 539 507 590 puppis
539 538 649 578 adest
678 540 719 578 in
750 545 968 591 portusque
999 541 1119 579 intrat
1151 541 1319 593 amicos,

211 597 317 642 Quae
351 595 565 648 Cephalum
595 599 823 649 patriaeque
856 597 971 637 simul
1006 598 1185 637 mandata
1217 598 1389 638 ferebat.

210 654 400 694 Aeacidae
432 655 547 706 longo
581 657 742 695 iuvenes
773 662 862 708 post
893 662 1069 708 tempore
1102 658 1227 696 visum

123 722 187 753 495
210 715 412 764 Agnovere
444 720 572 753 tamen
607 714 848 766 Cephalum,
880 714 1116 766 dextrasque
1148 715 1317 769 dedere,

211 773 333 824 Inque
365 773 488 823 patris
520 773 668 812 duxere
700 773 887 812 domum.
926 773 1149 825 spectabilis
1181 774 1298 813 heros

209 830 258 870 Et
289 832 433 870 veteris
464 832 641 870 retinens
673 832 886 871 etiamnum
917 833 1079 884 pignera
1111 832 1258 871 formae

211 888 433 941 ingreditur
451 920 462 942 ,
493 901 725 941 ramumque
757 895 895 930 tenens
927 891 1131 943 popularis
1164 890 1285 930 olivae

209 949 240 986 A
271 947 407 987 dextra
437 947 622 1000 laevaque
655 948 752 988 duos
785 954 911 988 aetate
942 950 1114 988 minores

123 1016 190 1046 500
212 1006 333 1045 Maior
364 1004 483 1046 habet
500 1038 511 1059 ,
543 1007 680 1058 Clyton
713 1013 752 1046 et
783 1007 908 1046 Buten
928 1039 939 1060 ‚
970 1007 1144 1047 Pallante
1175 1014 1349 1048 creatos.

210 1064 423 1116 Postquam
455 1078 691 1117 congressus
722 1067 839 1117 primi
872 1078 942 1105 sua
973 1066 1091 1105 verba
1122 1066 1322 1120 tulerunt,

211 1122 471 1174 Cecropidum
504 1123 697 1175 Cephalus
727 1126 880 1176 peragit
910 1125 1117 1177 mandata,
1149 1130 1338 1177 rogatque

210 1182 407 1220 Auxilium
425 1213 436 1233 ,
468 1182 686 1234 foedusque
717 1183 841 1221 refert
872 1188 911 1222 et
941 1184 1027 1222 iura
1058 1189 1289 1236 parentum,

212 1240 503 1292 Imperiumque
535 1243 616 1291 peti
648 1242 768 1280 totius
800 1241 991 1280 Achaidos
1023 1242 1151 1281 addit.

125 1307 191 1339 505
213 1298 277 1338 Sic
309 1298 377 1338 ubi
407 1299 628 1338 mandatam
659 1300 756 1338 iuvit
786 1299 967 1339 facundia
998 1312 1179 1353 causam,

213 1357 394 1409 Aeacus,
425 1358 465 1396 in
497 1358 635 1409 capulo
667 1359 814 1410 sceptri
844 1360 994 1398 nitente
1027 1360 1209 1412 sinistra,

213 1413 284 1454 ‘Ne
316 1417 437 1467 petite
470 1416 684 1469 auxilium,
716 1416 785 1456 sed
817 1418 960 1456 sumite
978 1414 1005 1470 ,⁹
1037 1417 1134 1456 dixit
1166 1414 1377 1470 ‘Athenae3

211 1473 292 1513 Nec
324 1474 441 1513 dubie
472 1476 576 1514 vires
595 1507 605 1527 ‚
638 1487 734 1526 quas
765 1475 861 1514 haec
891 1475 1009 1514 habet
1039 1476 1194 1529 insula,
1219 1481 1370 1515 vestras

214 1533 381 1572 Ducite:
412 1538 452 1571 et
483 1535 611 1572 omnia
643 1533 787 1572 habet.
826 1546 958 1573 rerum
992 1539 1116 1573 status
1141 1535 1216 1574 iste
1236 1547 1435 1588 mearum,

125 1599 192 1631 510
212 1591 368 1638 Robora
400 1603 479 1630 non
510 1592 682 1645 desunt3
714 1598 874 1644 superat
905 1592 999 1632 mihi
1030 1592 1142 1632 miles
1174 1598 1214 1632 et
1244 1593 1370 1633 hosti.

213 1649 343 1688 Gratia
375 1649 435 1688 dis
457 1681 468 1702 ‚
500 1650 591 1689 felix
623 1656 663 1690 et
693 1650 956 1690 inexcusabile
988 1657 1144 1703 tempus
1158 1648 1183 1692 .’

215 1706 350 1747 ‘Immo
383 1710 436 1747 ita
467 1710 519 1747 sit
536 1706 562 1761 ,³
595 1709 790 1761 Cephalus
823 1707 992 1749 ‘crescat
1022 1715 1087 1749 tua
1121 1709 1271 1750 civibus
1302 1717 1393 1762 opto

213 1766 314 1806 Urbs
334 1763 359 1806 l'
391 1768 446 1806 ait
476 1764 700 1807 eadveniens
733 1768 915 1819 equidem
945 1768 1059 1808 modo
1092 1769 1229 1820 gaudia
1261 1770 1371 1821 cepi,

215 1825 311 1864 Cum
343 1830 421 1864 tam
452 1826 615 1877 pulchra
646 1826 770 1879 mihi,
801 1834 880 1866 tam
911 1839 981 1878 par
1000 1832 1126 1867 aetate
1157 1829 1339 1866 iuventus

130 1891 195 1923 '015
217 1883 337 1922 Obvia
368 1886 592 1936 processit,
629 1885 774 1924 multos
805 1890 934 1924 tamen
965 1885 1272 1938 indefflequiro,

215 1942 321 1987 Quos
353 1943 550 1993 quondam
581 1943 659 1983 vidi
688 1948 818 1983 vestra
848 1946 958 1995 prius
990 1944 1089 1983 urbe
1114 1950 1300 1996 receptus
1314 1940 1340 1983 .’

214 2002 363 2039 Aeacus
394 2003 614 2054 ingemuit,
645 2004 828 2053 tristique
859 2004 913 2042 ita
944 2015 1038 2042 voce
1070 2002 1249 2043 locutus:

216 2056 377 2098 ‘Flebile
408 2062 647 2112 principium
678 2061 817 2100 melior
848 2061 1004 2100 fortuna
1036 2067 1170 2101 secuta
1197 2067 1279 2101 est.

215 2117 324 2156 Hanc
355 2119 506 2157 utinam
537 2131 692 2170 possem
724 2119 834 2158 vobis
865 2132 1083 2159 memorare
1115 2121 1199 2160 sine
1230 2118 1320 2160 illo!

131 2184 196 2215 520
217 2175 364 2215 Ordine
395 2188 501 2216 nunc
531 2184 705 2229 repetam
727 2209 735 2217 .
773 2190 851 2218 neu
882 2178 996 2231 longa
1015 2178 1175 2230 ambage
1195 2189 1327 2218 morer
1346 2190 1436 2219 vos:

216 2233 314 2274 Ossa
345 2236 523 2286 cinisque
554 2237 711 2289 iacent,
743 2239 908 2276 memori.
946 2249 1044 2289 quos
1081 2243 1212 2277 mente
1244 2238 1435 2289 requiris.

218 2292 267 2332 Et
297 2298 414 2344 quota
444 2306 535 2345 pars
566 2294 623 2333 illi
652 2306 787 2334 rerum
818 2298 974 2347 periere
1004 2294 1203 2336 mearum!
