1527 2580
542 117 589 152 vl
609 145 617 162 ‚
644 117 827 154 see—Vn
843 145 851 161 ,
876 122 923 153 44
938 146 945 152 .
1080 131 1194 154 nanu
1327 121 1406 162 127

125 235 166 267 ιο
185 226 235 266 Et
265 226 408 267 luctata
441 227 507 266 diu
527 259 538 279 ,
570 235 776 279 postquam
810 229 959 267 ratione
995 229 1168 268 furorem

186 285 349 325 Vincere
382 298 458 325 non
493 292 674 338 poterat,
708 284 869 326 ‘frustra
889 319 899 339 ,
930 286 1093 340 Medea,
1126 300 1344 339 repugnas:

186 344 326 384 Nescio
347 346 434 395 quis
455 343 552 384 deus
573 344 701 383 obstat.
720 343 744 396 ;’
772 347 824 384 ait
844 343 1080 397 ‘mirumque
1098 378 1110 396 ‚
1137 348 1212 385 nisi
1232 346 1306 386 hoc
1327 355 1409 400 est,

186 405 262 442 Aut
293 402 439 454 ahquid
473 410 578 442 certe
612 403 735 442 simile
769 403 858 443 huic
878 436 888 456 ‚
921 404 1024 454 quod
1065 417 1193 444 amare
1227 413 1409 445 vocatur.

187 461 282 501 Nam
315 473 386 501 cur
419 463 523 500 iussa
557 464 677 513 patris
710 463 872 502 nimium
906 463 997 502 mihi
1031 463 1127 502 dura
1160 462 1374 503 videntur?

127 528 166 559 16
188 519 289 560 Sunt
319 532 475 572 quoque
508 521 605 560 dura
638 522 780 560 nimis.
820 533 890 560 cur
909 553 920 573 ,
953 534 1069 572 quem
1102 522 1216 562 modo
1246 523 1350 562 (leni-

1208 593 1283 632 que
1310 581 1409 633 vidi,

187 637 242 676 Ne
274 644 438 690 pereat,
471 639 587 677 timeo
608 635 629 677 ?
661 650 759 689 quae
794 640 891 677 tanti
925 651 1039 678 causa
1068 637 1253 679 timoris?

186 695 337 735 Excute
370 697 544 748 virgineo
578 703 786 749 conceptas
818 704 977 748 pectore
1010 698 1206 751 flammas,

187 754 228 793 Si
260 761 401 808 potes,
433 755 597 794 infelix.
636 757 669 794 si
702 768 887 808 possem,
919 758 1050 795 sanior
1082 769 1231 796 essem.

187 813 264 852 Sed
296 820 429 865 gravat
459 815 618 853 invitam
651 826 747 853 nova
780 816 865 854 vis.
905 814 1084 866 aliudque
1119 815 1284 868 cupido,

125 881 167 912 20
189 872 299 911 Mens
331 872 434 912 aliud
467 872 632 912 suadet.
671 872 782 912 video
815 872 975 912 meliora
1007 874 1234 926 proboque,

187 930 388 970 Deteriora
420 943 593 982 sequor.
633 931 725 982 quid
758 933 797 970 in
830 931 984 983 hospite
1004 964 1015 985 ‚
1047 934 1153 984 regia
1185 934 1316 984 virgo,

187 988 322 1028 Ureris
340 1020 352 1042 ‚
383 995 423 1029 et
454 989 641 1028 thalamos
674 989 788 1029 alieni
822 991 996 1042 concipis
1029 988 1170 1029 orbis?

189 1047 294 1087 Haec
327 1059 484 1100 quoque
518 1055 622 1087 terra
641 1054 801 1101 potest,
834 1047 936 1099 quod
969 1060 1104 1101 ames,
1137 1050 1256 1088 dare.
1290 1051 1410 1101 vivat,

1058 1120 1104 1146 an
1138 1107 1200 1146 ille

188 1165 379 1219 Occidat,
410 1167 450 1205 in
483 1166 542 1205 dis
575 1173 662 1205 est.
701 1168 803 1205 vivat
837 1172 990 1205 tamen:
1022 1166 1139 1217 idque
1171 1168 1323 1218 precari

123 1232 166 1264 25
188 1223 254 1263 Vel
287 1226 371 1264 sine
404 1236 536 1263 amore
567 1224 686 1264 licet.
726 1224 818 1275 quid
851 1226 954 1263 enim
987 1226 1182 1264 commisit
1212 1222 1358 1264 lason?

188 1282 351 1334 [Quem‚
384 1284 462 1321 nisi
493 1282 709 1333 crudelem,
731 1294 808 1322 non
843 1289 972 1334 tangat
1003 1282 1150 1322 Iasonis
1182 1290 1286 1323 aetas

189 1340 238 1379 Et
269 1352 393 1393 genus
425 1346 465 1381 et
496 1343 620 1381 virtus
639 1339 660 1381 ⁸?
692 1353 808 1393 quem
841 1352 948 1394 non,
982 1348 1025 1380 ut
1056 1347 1186 1381 cetera
1219 1341 1369 1394 desint,

188 1398 266 1439 Ore
298 1411 454 1439 movere
486 1397 656 1452 potest?
687 1406 794 1440 certe
827 1412 911 1439 mea
943 1406 1102 1452 pectora
1134 1401 1254 1439 movit
1268 1399 1295 1450 .]

188 1459 236 1497 At
267 1459 341 1497 nisi
373 1470 487 1510 opem
519 1458 678 1512 tulero,
711 1465 913 1498 taurorum
946 1458 1151 1498 adflabitur
1182 1460 1294 1511 igne,

124 1525 169 1557 30
189 1516 487 1568 Concurretque
519 1529 612 1556 suae
645 1519 789 1568 segetis
824 1516 962 1557 tellure
995 1519 1136 1556 creatis

188 1575 405 1628 Hostibus,
438 1581 504 1616 aut
535 1576 644 1615 avido
677 1575 833 1615 dabitur
865 1577 946 1615 fera
976 1575 1119 1628 praeda
1151 1575 1333 1615 draconi.

190 1634 271 1674 Hoc
302 1646 374 1686 ego
406 1635 439 1674 si
470 1636 595 1687 patiar
614 1666 625 1687 ,
656 1642 739 1674 tum
771 1646 832 1674 me
865 1634 912 1674 de
944 1634 1085 1686 tigride
1118 1641 1269 1686 natam,

188 1693 289 1732 Tum
321 1693 470 1732 ferrum
503 1699 542 1732 et
573 1693 756 1745 scopulos
787 1698 940 1744 gestare
972 1695 1011 1732 in
1044 1692 1162 1732 corde
1195 1691 1367 1732 fatebor.

190 1751 269 1791 Cur
300 1763 379 1791 non
410 1758 451 1791 et
480 1758 616 1803 specto
647 1757 909 1804 pereuntem,
941 1751 1154 1803 oculosque
1187 1750 1350 1790 videndo

125 1818 168 1850 35
190 1809 425 1850 Conscelero
445 1807 466 1849 ¹?
498 1822 569 1850 cur
601 1822 679 1850 non
712 1815 846 1850 tauros
878 1809 1064 1849 exhortor
1095 1811 1135 1848 in
1167 1809 1277 1849 illum

188 1868 501 1921 Terrigenasque
533 1869 637 1908 seros
668 1870 960 1921 insopitumque
992 1865 1237 1907 draconem?

188 1927 234 1966 Di
266 1927 426 1967 meliora
458 1927 605 1967 velint.
643 1939 877 1980 quamquam
909 1938 987 1966 non
1019 1928 1092 1966 ista
1122 1925 1340 1978 precanda,

190 1985 266 2025 Sed
299 1986 473 2026 facienda
506 1986 627 2026 mihi.
665 1986 877 2038 prodamne
909 1997 981 2037 ego
1013 1996 1131 2037 regna
1163 1985 1359 2037 parentiS,

189 2045 316 2096 Atque
348 2057 421 2097 ope
454 2046 586 2084 nescio
619 2046 706 2096 quis
738 2043 957 2084 servabitur
988 2043 1133 2083 advena
1166 2049 1323 2095 nostra,

125 2111 170 2142 40
191 2102 241 2142 Ut
271 2115 343 2155 per
375 2115 436 2143 me
462 2115 598 2155 sospes
631 2105 715 2142 sine
747 2115 808 2142 me
841 2102 906 2141 det
937 2102 1055 2142 lintea
1087 2104 1237 2154 ventis,

190 2161 334 2213 Virque
367 2162 417 2201 sit
450 2161 611 2201 alterius
631 2194 642 2214 ,
674 2173 821 2213 poenae
854 2160 987 2200 Medea
1020 2158 1254 2212 relinquar?

190 2220 231 2259 Si
263 2220 390 2260 lacere
424 2220 497 2259 hoc
517 2253 528 2273 ,
560 2220 719 2259 aliamve
751 2226 882 2272 potest
912 2231 1154 2272 praeponere
1188 2217 1322 2268 nobis,

191 2278 352 2319 Occidat
383 2281 587 2330 ingratus.
627 2279 694 2318 sed
728 2291 805 2318 non
837 2280 871 2318 is
902 2278 1031 2318 vultus
1064 2279 1104 2318 in
1135 2277 1224 2330 illc,

189 2336 275 2377 Non
307 2349 350 2377 ea
383 2337 564 2377 nobilitas
596 2339 722 2377 animo
756 2343 845 2390 est,
877 2349 920 2376 ea
952 2338 1074 2390 gratia
1107 2336 1277 2388 formae,
