1538 2496
113 125 197 167 282
380 137 479 159 cinci:
664 119 878 156 METAMM
893 149 900 156 .

143 244 211 276 960
231 235 339 274 Hanc
371 246 441 284 ego
476 240 557 271 tum
589 233 759 282 primum
792 231 955 270 viridem
986 231 1187 282 ferrugine
1218 230 1379 271 barbam

233 294 530 342 Caesariemque
557 302 683 329 meam
701 321 712 342 ‚
745 302 860 340 quam
886 290 1000 341 longa
1025 302 1096 342 per
1122 302 1292 342 aequora
1318 303 1455 345 verro,

231 352 492 403 Ingentesque
524 360 683 387 umeros
715 353 755 387 et
785 348 941 387 caerula
971 347 1153 388 bracchia
1184 348 1263 388 vidi

234 411 436 460 Cruraque
469 409 676 459 pinnigero
709 412 869 446 curvata
898 408 1109 446 novissima
1138 409 1270 459 pisce.

233 467 335 514 Quid
360 473 491 506 tamen
517 466 614 505 liaeo
639 467 791 517 species
809 497 820 518 ,
852 465 947 517 quid
971 465 1031 505 dis
1056 465 1250 517 placuisse
1275 467 1457 520 marinis,
1525 480 1538 536 1

143 536 211 569 965
233 526 335 573 Quid
365 527 472 565 iuvat
504 537 590 564 esse
622 524 768 578 deum,
800 526 833 564 si
865 530 907 564 tu
939 537 1018 563 non
1050 525 1223 576 tangeris
1255 526 1340 565 istis
1354 523 1391 565 ‘?’

232 585 338 624 Talia
370 584 594 637 dicentem,
626 582 825 623 dicturum
856 583 997 636 plura,
1029 583 1189 635 reliquit

164 667 217 673 -
240 643 366 695 Scylla
398 644 562 682 furens.
601 642 697 681 furit
727 642 792 681 ille
810 673 821 695 ‚
853 644 1109 693 irritatusque
1141 641 1299 694 repulsa
1529 684 1538 695 ι

232 702 460 753 Prodigiosa
491 703 590 753 petit
621 701 821 740 Titanidos
853 703 950 741 atria
981 698 1139 741 Cirtzes.
1528 698 1538 753 5

369 1014 554 1069 LIBER
592 1013 876 1070 QUARTUS
914 1013 1208 1069 DECIMUS.

1529 847 1538 885 Ι,

233 1113 392 1164 lamque
425 1114 624 1165 Giganteis
655 1114 839 1152 iniectam
871 1112 1048 1152 faucibus
1080 1114 1232 1152 Aetnen

235 1174 415 1223 Arvaque
449 1172 662 1224 Cyclopum
680 1203 691 1224 ,
724 1171 818 1222 quid
848 1177 975 1210 rastra
994 1203 1004 1223 ,
1037 1171 1131 1222 quid
1163 1183 1258 1211 usus
1290 1172 1432 1225 aratri,

234 1231 403 1283 Nescia,
435 1243 508 1269 nec
541 1231 751 1281 quicquam
782 1231 928 1269 iunctis
960 1229 1143 1270 debentia
1173 1229 1327 1283 bubus,

233 1289 422 1340 Liquerat
451 1288 651 1328 Euboicus
682 1288 922 1328 tumidarum
954 1289 1082 1328 cultor
1114 1301 1327 1342 aquarun13

195 1356 216 1388 5
235 1347 422 1399 Liquerat
454 1354 494 1387 et
524 1347 692 1386 Zanclen
724 1347 965 1398 adversaque
996 1349 1151 1386 moenia
1181 1347 1307 1399 Rhegi

235 1406 565 1457 Navifragumque
598 1407 772 1459 fretum,
805 1407 960 1458 gemino
993 1406 1098 1457 quod
1136 1406 1251 1445 litore
1282 1419 1462 1458 pressum

236 1466 430 1505 Ausoniae
464 1464 696 1515 Siculaeque
728 1470 838 1504 tenet
869 1465 1037 1504 confinia
1068 1471 1222 1504 terrae.

235 1523 330 1562 Inde
362 1535 479 1563 manu
512 1535 650 1574 magna
680 1523 884 1574 Tyrrhena
914 1535 987 1575 per
1019 1535 1190 1574 aequora
1220 1523 1352 1575 lapsus

236 1582 466 1621 Herbiferos
499 1582 594 1621 adiit
625 1581 742 1621 colles
775 1588 891 1633 atque
924 1583 1023 1621 atria
1054 1581 1223 1621 Glaucus

174 1649 217 1682 10
239 1641 328 1680 Sole
361 1646 465 1680 satae
498 1640 631 1679 Circes
651 1672 661 1692 ,
691 1641 887 1679 variarum
917 1640 1032 1692 plena
1057 1641 1253 1680 ferarum.

239 1700 363 1745 Quam
396 1699 513 1738 simul
545 1700 724 1751 aspexit,
757 1699 860 1738 dieta
891 1705 1130 1751 acceptaque
1162 1699 1311 1752 salute,

239 1756 376 1810 Ἦίνᾶ,
409 1758 472 1797 dei
505 1759 693 1797 miserere
712 1789 723 1810 ,
754 1757 925 1809 precor!
957 1770 1048 1797 nam
1078 1757 1160 1797 sola
1190 1757 1318 1797 levare

238 1817 298 1856 Tu
323 1823 437 1868 potes
462 1817 568 1856 hunc
587 1813 613 1869 ,³
640 1816 736 1856 dixit
762 1813 910 1855 ‘videar
935 1816 1219 1868 momignus
1237 1849 1248 1869 ‚
1274 1828 1464 1856 amorem.

241 1875 393 1921 Quanta
426 1877 476 1914 sit
506 1874 749 1925 herbarum,
780 1875 939 1928 Titani,
970 1877 1145 1927 potentia
1163 1907 1174 1928 ,
1205 1875 1302 1914 nulli

176 1942 218 1972 15
241 1934 364 1980 Quam
396 1934 492 1973 1111111
525 1935 721 1985 cognitius
739 1965 750 1986 ‚
783 1935 851 1985 qui
882 1946 970 1973 sum
1001 1940 1174 1973 mutatus
1207 1933 1254 1972 ab
1285 1934 1384 1973 illis.

240 1992 346 2031 Neve
378 1994 456 2032 mei
488 2005 567 2031 non
599 1998 691 2032 nota
722 1992 793 2031 tibi
825 1994 877 2031 sit
907 2004 1024 2031 causa
1056 1993 1226 2032 suroris:

240 2050 372 2090 Litore
403 2053 444 2090 in
476 2051 608 2090 Italico
629 2083 639 2103 ‚
670 2051 863 2090 Messenia
894 2053 1048 2090 moenia
1080 2058 1239 2104 contra,

243 2109 369 2159 Scylla
401 2110 498 2148 mihi
529 2112 611 2149 visa
643 2116 731 2149 est.
769 2110 897 2161 pudor
929 2116 989 2149 est
1025 2112 1218 2162 promissa
1248 2121 1467 2162 precesque

241 2166 533 2219 Blanditiasque
564 2181 671 2208 meas
705 2174 1006 2221 contemptaque
1038 2169 1157 2208 verba
1187 2169 1361 2208 referre.

178 2233 222 2265 20
243 2227 291 2264 At
322 2232 365 2265 tu
383 2257 394 2278 ‚
426 2227 507 2265 sive
540 2227 685 2278 aliquid
717 2229 829 2279 regni
861 2233 922 2267 est
951 2229 992 2266 in
1024 2230 1196 2267 carmine
1215 2259 1227 2280 ‚
1258 2239 1416 2267 carmen

244 2283 322 2323 Ore
354 2296 466 2323 move
499 2297 635 2324 sacro:
667 2287 749 2325 sive
780 2288 1044 2338 expugnacior
1075 2285 1197 2326 herba
1228 2292 1312 2339 est,

243 2342 363 2382 Utere
395 2345 596 2395 temptatis
629 2356 817 2396 operosae
848 2344 998 2385 viribus
1029 2345 1197 2385 herbae.
1273 2339 1277 2343 ”
