<?xml version="1.0" encoding="UTF-8"?>
<!DOCTYPE html PUBLIC "-//W3C//DTD XHTML 1.0 Transitional//EN"
    "http://www.w3.org/TR/xhtml1/DTD/xhtml1-transitional.dtd">
<html xmlns="http://www.w3.org/1999/xhtml" xml:lang="en" lang="en">
 <head>
  <title>
</title>
<meta http-equiv="Content-Type" content="text/html;charset=utf-8" />
  <meta name='ocr-system' content='tesseract 3.04.00' />
  <meta name='ocr-capabilities' content='ocr_page ocr_carea ocr_par ocr_line ocrx_word'/>
</head>
<body>
  <div class='ocr_page' id='page_1' title='image "./ovidopera02oviduoft_0110.png"; bbox 0 0 1554 2506; ppageno 0'>
   <div class='ocr_carea' id='block_1_1' title="bbox 142 51 923 97">
    <p class='ocr_par' dir='ltr' id='par_1_1' title="bbox 142 51 923 97">
     <span class='ocr_line' id='line_1_1' title="bbox 142 51 923 97; baseline -0.009 -6"><span class='ocrx_word' id='word_1_1' title='bbox 142 55 196 97; x_wconf 85' lang='lat'><strong>58</strong></span> <span class='ocrx_word' id='word_1_2' title='bbox 351 66 534 89; x_wconf 64' lang='lat' dir='ltr'><strong>tuncxssus</strong></span> <span class='ocrx_word' id='word_1_3' title='bbox 689 51 901 87; x_wconf 87' lang='lat' dir='ltr'><strong>METAMM</strong></span> <span class='ocrx_word' id='word_1_4' title='bbox 916 78 923 84; x_wconf 96' lang='lat'>.</span> 
     </span>
    </p>
   </div>
   <div class='ocr_carea' id='block_1_2' title="bbox 170 162 1485 2315">
    <p class='ocr_par' dir='ltr' id='par_1_2' title="bbox 171 162 1368 272">
     <span class='ocr_line' id='line_1_2' title="bbox 171 162 1368 214; baseline -0.002 -11"><span class='ocrx_word' id='word_1_5' title='bbox 171 172 238 203; x_wconf 87' lang='lat'><strong>435</strong></span> <span class='ocrx_word' id='word_1_6' title='bbox 260 163 320 203; x_wconf 83' lang='lat' dir='ltr'><strong>Nil</strong></span> <span class='ocrx_word' id='word_1_7' title='bbox 352 163 468 202; x_wconf 91' lang='lat' dir='ltr'><strong>habet</strong></span> <span class='ocrx_word' id='word_1_8' title='bbox 498 164 570 201; x_wconf 90' lang='lat' dir='ltr'><strong>ista</strong></span> <span class='ocrx_word' id='word_1_9' title='bbox 602 162 691 201; x_wconf 90' lang='lat' dir='ltr'><strong>sui.</strong></span> <span class='ocrx_word' id='word_1_10' title='bbox 730 166 860 199; x_wconf 91' lang='lat' dir='ltr'><strong>tecum</strong></span> <span class='ocrx_word' id='word_1_11' title='bbox 893 162 1105 213; x_wconf 84' lang='lat' dir='ltr'><strong>venitque,</strong></span> <span class='ocrx_word' id='word_1_12' title='bbox 1137 166 1368 214; x_wconf 80' lang='lat' dir='ltr'><strong>manetque3</strong></span> 
     </span>
     <span class='ocr_line' id='line_1_3' title="bbox 257 218 1188 272; baseline -0.004 -11"><span class='ocrx_word' id='word_1_13' title='bbox 257 221 404 261; x_wconf 85' lang='lat' dir='ltr'><strong>Tecum</strong></span> <span class='ocrx_word' id='word_1_14' title='bbox 437 220 640 272; x_wconf 87' lang='lat' dir='ltr'><strong>discedet,</strong></span> <span class='ocrx_word' id='word_1_15' title='bbox 672 220 704 257; x_wconf 88' lang='lat' dir='ltr'><strong>si</strong></span> <span class='ocrx_word' id='word_1_16' title='bbox 736 224 778 258; x_wconf 85' lang='lat' dir='ltr'><strong>tu</strong></span> <span class='ocrx_word' id='word_1_17' title='bbox 805 218 1006 257; x_wconf 81' lang='lat' dir='ltr'><strong>discedere</strong></span> <span class='ocrx_word' id='word_1_18' title='bbox 1038 220 1188 270; x_wconf 89' lang='lat' dir='ltr'><strong>possis.</strong></span> 
     </span>
    </p>

    <p class='ocr_par' dir='ltr' id='par_1_3' title="bbox 256 276 1418 447">
     <span class='ocr_line' id='line_1_4' title="bbox 256 276 1252 329; baseline -0.003 -10"><span class='ocrx_word' id='word_1_19' title='bbox 256 280 343 319; x_wconf 92' lang='lat' dir='ltr'><strong>Non</strong></span> <span class='ocrx_word' id='word_1_20' title='bbox 375 279 484 318; x_wconf 90' lang='lat' dir='ltr'><strong>illum</strong></span> <span class='ocrx_word' id='word_1_21' title='bbox 516 277 670 317; x_wconf 88' lang='lat' dir='ltr'><strong>Cereris</strong></span> <span class='ocrx_word' id='word_1_22' title='bbox 689 308 700 329; x_wconf 89' lang='lat'><em>‚</em></span> <span class='ocrx_word' id='word_1_23' title='bbox 733 289 809 316; x_wconf 91' lang='lat' dir='ltr'><strong>non</strong></span> <span class='ocrx_word' id='word_1_24' title='bbox 842 276 951 316; x_wconf 90' lang='lat' dir='ltr'><strong>illum</strong></span> <span class='ocrx_word' id='word_1_25' title='bbox 984 289 1077 316; x_wconf 87' lang='lat' dir='ltr'><strong>cura</strong></span> <span class='ocrx_word' id='word_1_26' title='bbox 1109 278 1252 328; x_wconf 90' lang='lat' dir='ltr'><strong>quietis</strong></span> 
     </span>
     <span class='ocr_line' id='line_1_5' title="bbox 256 335 1418 387; baseline -0.002 -10"><span class='ocrx_word' id='word_1_27' title='bbox 256 337 492 377; x_wconf 80' lang='lat' dir='ltr'><strong>Abstrahere</strong></span> <span class='ocrx_word' id='word_1_28' title='bbox 523 335 614 374; x_wconf 90' lang='lat' dir='ltr'><strong>inde</strong></span> <span class='ocrx_word' id='word_1_29' title='bbox 644 341 802 387; x_wconf 88' lang='lat' dir='ltr'><strong>potest:</strong></span> <span class='ocrx_word' id='word_1_30' title='bbox 834 335 901 374; x_wconf 90' lang='lat' dir='ltr'><strong>sed</strong></span> <span class='ocrx_word' id='word_1_31' title='bbox 934 347 1053 386; x_wconf 87' lang='lat' dir='ltr'><strong>opaca</strong></span> <span class='ocrx_word' id='word_1_32' title='bbox 1084 335 1195 374; x_wconf 85' lang='lat' dir='ltr'><strong>fusus</strong></span> <span class='ocrx_word' id='word_1_33' title='bbox 1226 337 1267 374; x_wconf 90' lang='lat' dir='ltr'><strong>in</strong></span> <span class='ocrx_word' id='word_1_34' title='bbox 1298 335 1418 375; x_wconf 89' lang='lat' dir='ltr'><strong>herba</strong></span> 
     </span>
     <span class='ocr_line' id='line_1_6' title="bbox 260 393 1301 447; baseline -0.003 -12"><span class='ocrx_word' id='word_1_35' title='bbox 260 396 418 447; x_wconf 81' lang='lat' dir='ltr'><strong>Spectat</strong></span> <span class='ocrx_word' id='word_1_36' title='bbox 449 394 645 445; x_wconf 88' lang='lat' dir='ltr'><strong>inexpleto</strong></span> <span class='ocrx_word' id='word_1_37' title='bbox 676 393 903 433; x_wconf 86' lang='lat' dir='ltr'><strong>mendacem</strong></span> <span class='ocrx_word' id='word_1_38' title='bbox 935 393 1081 432; x_wconf 91' lang='lat' dir='ltr'><strong>lumine</strong></span> <span class='ocrx_word' id='word_1_39' title='bbox 1114 394 1301 447; x_wconf 83' lang='lat' dir='ltr'><strong>sormam,</strong></span> 
     </span>
    </p>

    <p class='ocr_par' dir='ltr' id='par_1_4' title="bbox 172 451 1453 622">
     <span class='ocr_line' id='line_1_7' title="bbox 172 451 1453 506; baseline -0.002 -12"><span class='ocrx_word' id='word_1_40' title='bbox 172 462 238 494; x_wconf 84' lang='lat'><strong>440</strong></span> <span class='ocrx_word' id='word_1_41' title='bbox 258 454 412 505; x_wconf 90' lang='lat' dir='ltr'><strong>Perque</strong></span> <span class='ocrx_word' id='word_1_42' title='bbox 445 452 578 492; x_wconf 90' lang='lat' dir='ltr'><strong>oculos</strong></span> <span class='ocrx_word' id='word_1_43' title='bbox 609 453 713 504; x_wconf 89' lang='lat' dir='ltr'><strong>perit</strong></span> <span class='ocrx_word' id='word_1_44' title='bbox 743 453 827 504; x_wconf 89' lang='lat' dir='ltr'><strong>ipse</strong></span> <span class='ocrx_word' id='word_1_45' title='bbox 859 464 980 492; x_wconf 91' lang='lat' dir='ltr'><strong>suos.</strong></span> <span class='ocrx_word' id='word_1_46' title='bbox 1012 451 1249 503; x_wconf 86' lang='lat' dir='ltr'><strong>paulumque</strong></span> <span class='ocrx_word' id='word_1_47' title='bbox 1280 453 1453 506; x_wconf 83' lang='lat' dir='ltr'><strong>levatus,</strong></span> 
     </span>
     <span class='ocr_line' id='line_1_8' title="bbox 257 510 1326 563; baseline -0.001 -12"><span class='ocrx_word' id='word_1_48' title='bbox 257 512 314 551; x_wconf 85' lang='lat' dir='ltr'><strong>Ad</strong></span> <span class='ocrx_word' id='word_1_49' title='bbox 347 513 646 551; x_wconf 85' lang='lat' dir='ltr'><strong>circumstantes</strong></span> <span class='ocrx_word' id='word_1_50' title='bbox 678 510 843 550; x_wconf 89' lang='lat' dir='ltr'><strong>tendens</strong></span> <span class='ocrx_word' id='word_1_51' title='bbox 874 522 944 551; x_wconf 91' lang='lat' dir='ltr'><strong>sua</strong></span> <span class='ocrx_word' id='word_1_52' title='bbox 975 510 1157 549; x_wconf 88' lang='lat' dir='ltr'><strong>bracchia</strong></span> <span class='ocrx_word' id='word_1_53' title='bbox 1188 510 1326 563; x_wconf 88' lang='lat' dir='ltr'><strong>silvas,</strong></span> 
     </span>
     <span class='ocr_line' id='line_1_9' title="bbox 259 565 1320 622; baseline -0.001 -13"><span class='ocrx_word' id='word_1_54' title='bbox 259 567 418 621; x_wconf 79' lang='lat' dir='ltr'><strong>‘Ecquis</strong></span> <span class='ocrx_word' id='word_1_55' title='bbox 436 601 448 622; x_wconf 88' lang='lat'><em>‚</em></span> <span class='ocrx_word' id='word_1_56' title='bbox 478 571 516 608; x_wconf 92' lang='lat' dir='ltr'><strong>io</strong></span> <span class='ocrx_word' id='word_1_57' title='bbox 549 569 665 608; x_wconf 88' lang='lat' dir='ltr'><strong>silvae</strong></span> <span class='ocrx_word' id='word_1_58' title='bbox 684 601 695 622; x_wconf 88' lang='lat'><em>‚</em></span> <span class='ocrx_word' id='word_1_59' title='bbox 727 565 940 609; x_wconf 86' lang='lat' dir='ltr'><strong>crudelius&#39;</strong></span> <span class='ocrx_word' id='word_1_60' title='bbox 972 570 1101 619; x_wconf 92' lang='lat' dir='ltr'><strong>inquit</strong></span> <span class='ocrx_word' id='word_1_61' title='bbox 1132 565 1320 608; x_wconf 75' lang='lat' dir='ltr'><strong>‘amavit?</strong></span> 
     </span>
    </p>

    <p class='ocr_par' dir='ltr' id='par_1_5' title="bbox 170 627 1480 1032">
     <span class='ocr_line' id='line_1_10' title="bbox 259 627 1360 679; baseline 0 -13"><span class='ocrx_word' id='word_1_62' title='bbox 259 628 376 667; x_wconf 89' lang='lat' dir='ltr'><strong>Scitis</strong></span> <span class='ocrx_word' id='word_1_63' title='bbox 409 629 512 667; x_wconf 87' lang='lat' dir='ltr'><strong>enim</strong></span> <span class='ocrx_word' id='word_1_64' title='bbox 544 633 584 667; x_wconf 93' lang='lat' dir='ltr'><strong>et</strong></span> <span class='ocrx_word' id='word_1_65' title='bbox 614 627 747 667; x_wconf 90' lang='lat' dir='ltr'><strong>multis</strong></span> <span class='ocrx_word' id='word_1_66' title='bbox 778 627 926 667; x_wconf 87' lang='lat' dir='ltr'><strong>latebra</strong></span> <span class='ocrx_word' id='word_1_67' title='bbox 957 632 1177 679; x_wconf 89' lang='lat' dir='ltr'><strong>opportuna</strong></span> <span class='ocrx_word' id='word_1_68' title='bbox 1209 627 1360 667; x_wconf 83' lang='lat' dir='ltr'><strong>fuistis.</strong></span> 
     </span>
     <span class='ocr_line' id='line_1_11' title="bbox 256 685 1385 739; baseline -0.001 -14"><span class='ocrx_word' id='word_1_69' title='bbox 256 686 432 737; x_wconf 87' lang='lat' dir='ltr'><strong>Ecquem</strong></span> <span class='ocrx_word' id='word_1_70' title='bbox 450 718 461 739; x_wconf 88' lang='lat'><em>,</em></span> <span class='ocrx_word' id='word_1_71' title='bbox 494 698 582 725; x_wconf 89' lang='lat' dir='ltr'><strong>cum</strong></span> <span class='ocrx_word' id='word_1_72' title='bbox 608 692 760 726; x_wconf 87' lang='lat' dir='ltr'><strong>vestrae</strong></span> <span class='ocrx_word' id='word_1_73' title='bbox 793 691 851 725; x_wconf 89' lang='lat' dir='ltr'><strong>tot</strong></span> <span class='ocrx_word' id='word_1_74' title='bbox 882 691 1045 737; x_wconf 83' lang='lat' dir='ltr'><strong>agantur</strong></span> <span class='ocrx_word' id='word_1_75' title='bbox 1078 685 1231 724; x_wconf 88' lang='lat' dir='ltr'><strong>saecula</strong></span> <span class='ocrx_word' id='word_1_76' title='bbox 1262 687 1385 739; x_wconf 86' lang='lat' dir='ltr'><strong>vitae,</strong></span> 
     </span>
     <span class='ocr_line' id='line_1_12' title="bbox 170 740 1287 797; baseline -0.001 -14"><span class='ocrx_word' id='word_1_77' title='bbox 170 752 237 783; x_wconf 90' lang='lat'><strong>445</strong></span> <span class='ocrx_word' id='word_1_78' title='bbox 259 744 334 790; x_wconf 88' lang='lat' dir='ltr'><strong>Qui</strong></span> <span class='ocrx_word' id='word_1_79' title='bbox 366 746 421 783; x_wconf 90' lang='lat' dir='ltr'><strong>sic</strong></span> <span class='ocrx_word' id='word_1_80' title='bbox 455 743 652 797; x_wconf 85' lang='lat' dir='ltr'><strong>tabuerit,</strong></span> <span class='ocrx_word' id='word_1_81' title='bbox 684 744 798 796; x_wconf 86' lang='lat' dir='ltr'><strong>longo</strong></span> <span class='ocrx_word' id='word_1_82' title='bbox 825 740 1056 783; x_wconf 54' lang='lat' dir='ltr'><strong>mfflnistis</strong></span> <span class='ocrx_word' id='word_1_83' title='bbox 1087 745 1128 782; x_wconf 91' lang='lat' dir='ltr'><strong>in</strong></span> <span class='ocrx_word' id='word_1_84' title='bbox 1160 741 1287 783; x_wconf 74' lang='lat' dir='ltr'><strong>aevo?</strong></span> 
     </span>
     <span class='ocr_line' id='line_1_13' title="bbox 258 801 1420 856; baseline 0 -14"><span class='ocrx_word' id='word_1_85' title='bbox 258 802 308 842; x_wconf 91' lang='lat' dir='ltr'><strong>Et</strong></span> <span class='ocrx_word' id='word_1_86' title='bbox 337 802 465 854; x_wconf 87' lang='lat' dir='ltr'><strong>placet</strong></span> <span class='ocrx_word' id='word_1_87' title='bbox 496 809 536 842; x_wconf 90' lang='lat' dir='ltr'><strong>et</strong></span> <span class='ocrx_word' id='word_1_88' title='bbox 565 803 706 842; x_wconf 79' lang='lat' dir='ltr'><strong>video:</strong></span> <span class='ocrx_word' id='word_1_89' title='bbox 738 802 807 842; x_wconf 93' lang='lat' dir='ltr'><strong>sed</strong></span> <span class='ocrx_word' id='word_1_90' title='bbox 839 802 942 853; x_wconf 91' lang='lat' dir='ltr'><strong>quod</strong></span> <span class='ocrx_word' id='word_1_91' title='bbox 968 801 1158 853; x_wconf 90' lang='lat' dir='ltr'><strong>videoque</strong></span> <span class='ocrx_word' id='word_1_92' title='bbox 1190 802 1420 856; x_wconf 87' lang='lat' dir='ltr'><strong>placetque,</strong></span> 
     </span>
     <span class='ocr_line' id='line_1_14' title="bbox 257 861 1403 901; baseline 0 -1"><span class='ocrx_word' id='word_1_93' title='bbox 257 861 344 900; x_wconf 91' lang='lat' dir='ltr'><strong>Non</strong></span> <span class='ocrx_word' id='word_1_94' title='bbox 376 867 506 901; x_wconf 90' lang='lat' dir='ltr'><strong>tamen</strong></span> <span class='ocrx_word' id='word_1_95' title='bbox 537 862 716 901; x_wconf 83' lang='lat' dir='ltr'><strong>invenio:</strong></span> <span class='ocrx_word' id='word_1_96' title='bbox 748 864 881 900; x_wconf 85' lang='lat' dir='ltr'><strong>tantus</strong></span> <span class='ocrx_word' id='word_1_97' title='bbox 905 866 1014 900; x_wconf 92' lang='lat' dir='ltr'><strong>tenet</strong></span> <span class='ocrx_word' id='word_1_98' title='bbox 1045 872 1157 899; x_wconf 89' lang='lat' dir='ltr'><strong>error</strong></span> <span class='ocrx_word' id='word_1_99' title='bbox 1188 867 1403 900; x_wconf 89' lang='lat' dir='ltr'><strong>amantem.</strong></span> 
     </span>
     <span class='ocr_line' id='line_1_15' title="bbox 261 919 1480 972; baseline 0 -14"><span class='ocrx_word' id='word_1_100' title='bbox 261 920 426 970; x_wconf 88' lang='lat' dir='ltr'><strong>Quoque</strong></span> <span class='ocrx_word' id='word_1_101' title='bbox 457 921 580 970; x_wconf 84' lang='lat' dir='ltr'><strong>magis</strong></span> <span class='ocrx_word' id='word_1_102' title='bbox 611 919 762 958; x_wconf 87' lang='lat' dir='ltr'><strong>doleam</strong></span> <span class='ocrx_word' id='word_1_103' title='bbox 780 951 791 971; x_wconf 85' lang='lat'>‚</span> <span class='ocrx_word' id='word_1_104' title='bbox 823 931 895 958; x_wconf 90' lang='lat' dir='ltr'><strong>nec</strong></span> <span class='ocrx_word' id='word_1_105' title='bbox 927 931 999 958; x_wconf 90' lang='lat' dir='ltr'><strong>nos</strong></span> <span class='ocrx_word' id='word_1_106' title='bbox 1019 930 1124 958; x_wconf 89' lang='lat' dir='ltr'><strong>mare</strong></span> <span class='ocrx_word' id='word_1_107' title='bbox 1145 925 1300 970; x_wconf 89' lang='lat' dir='ltr'><strong>separat</strong></span> <span class='ocrx_word' id='word_1_108' title='bbox 1318 921 1480 972; x_wconf 86' lang='lat' dir='ltr'><strong>ingens,</strong></span> 
     </span>
     <span class='ocr_line' id='line_1_16' title="bbox 259 977 1422 1032; baseline 0 -15"><span class='ocrx_word' id='word_1_109' title='bbox 259 978 340 1016; x_wconf 89' lang='lat' dir='ltr'><strong>Nec</strong></span> <span class='ocrx_word' id='word_1_110' title='bbox 372 979 459 1032; x_wconf 81' lang='lat' dir='ltr'><strong>via,</strong></span> <span class='ocrx_word' id='word_1_111' title='bbox 491 990 564 1017; x_wconf 89' lang='lat' dir='ltr'><strong>nec</strong></span> <span class='ocrx_word' id='word_1_112' title='bbox 596 984 778 1030; x_wconf 88' lang='lat' dir='ltr'><strong>montes,</strong></span> <span class='ocrx_word' id='word_1_113' title='bbox 811 989 884 1017; x_wconf 89' lang='lat' dir='ltr'><strong>nec</strong></span> <span class='ocrx_word' id='word_1_114' title='bbox 916 977 1057 1016; x_wconf 89' lang='lat' dir='ltr'><strong>clausis</strong></span> <span class='ocrx_word' id='word_1_115' title='bbox 1089 979 1243 1016; x_wconf 88' lang='lat' dir='ltr'><strong>moenia</strong></span> <span class='ocrx_word' id='word_1_116' title='bbox 1272 979 1422 1030; x_wconf 87' lang='lat' dir='ltr'><strong>portis:</strong></span> 
     </span>
    </p>

    <p class='ocr_par' dir='ltr' id='par_1_6' title="bbox 172 1036 1298 1088">
     <span class='ocr_line' id='line_1_17' title="bbox 172 1036 1298 1088; baseline 0.001 -13"><span class='ocrx_word' id='word_1_117' title='bbox 172 1043 240 1076; x_wconf 76' lang='lat'><strong>450</strong></span> <span class='ocrx_word' id='word_1_118' title='bbox 259 1036 409 1088; x_wconf 82' lang='lat' dir='ltr'><strong>Exigua</strong></span> <span class='ocrx_word' id='word_1_119' title='bbox 439 1036 694 1088; x_wconf 89' lang='lat' dir='ltr'><strong>prohibemur</strong></span> <span class='ocrx_word' id='word_1_120' title='bbox 726 1048 852 1087; x_wconf 88' lang='lat' dir='ltr'><strong>aqua.</strong></span> <span class='ocrx_word' id='word_1_121' title='bbox 894 1037 1002 1087; x_wconf 90' lang='lat' dir='ltr'><strong>cupit</strong></span> <span class='ocrx_word' id='word_1_122' title='bbox 1032 1037 1116 1087; x_wconf 90' lang='lat' dir='ltr'><strong>ipse</strong></span> <span class='ocrx_word' id='word_1_123' title='bbox 1148 1037 1298 1076; x_wconf 89' lang='lat' dir='ltr'><strong>teneri:</strong></span> 
     </span>
    </p>

    <p class='ocr_par' dir='ltr' id='par_1_7' title="bbox 259 1093 1422 1147">
     <span class='ocr_line' id='line_1_18' title="bbox 259 1093 1422 1147; baseline 0 -14"><span class='ocrx_word' id='word_1_124' title='bbox 259 1093 356 1133; x_wconf 89' lang='lat' dir='ltr'><strong>Nam</strong></span> <span class='ocrx_word' id='word_1_125' title='bbox 388 1096 569 1145; x_wconf 89' lang='lat' dir='ltr'><strong>quotiens</strong></span> <span class='ocrx_word' id='word_1_126' title='bbox 601 1094 758 1145; x_wconf 81' lang='lat' dir='ltr'><strong>liquid-is</strong></span> <span class='ocrx_word' id='word_1_127' title='bbox 789 1096 1038 1145; x_wconf 83' lang='lat' dir='ltr'><strong>porreximus</strong></span> <span class='ocrx_word' id='word_1_128' title='bbox 1069 1093 1201 1133; x_wconf 88' lang='lat' dir='ltr'><strong>oscula</strong></span> <span class='ocrx_word' id='word_1_129' title='bbox 1232 1094 1422 1147; x_wconf 87' lang='lat' dir='ltr'><strong>lymphis,</strong></span> 
     </span>
    </p>

    <p class='ocr_par' dir='ltr' id='par_1_8' title="bbox 259 1152 1187 1203">
     <span class='ocr_line' id='line_1_19' title="bbox 259 1152 1187 1203; baseline 0 -12"><span class='ocrx_word' id='word_1_130' title='bbox 259 1152 331 1191; x_wconf 88' lang='lat' dir='ltr'><strong>Hic</strong></span> <span class='ocrx_word' id='word_1_131' title='bbox 362 1154 507 1192; x_wconf 90' lang='lat' dir='ltr'><strong>totiens</strong></span> <span class='ocrx_word' id='word_1_132' title='bbox 539 1152 585 1192; x_wconf 88' lang='lat' dir='ltr'><strong>ad</strong></span> <span class='ocrx_word' id='word_1_133' title='bbox 618 1164 680 1191; x_wconf 91' lang='lat' dir='ltr'><strong>me</strong></span> <span class='ocrx_word' id='word_1_134' title='bbox 711 1153 897 1203; x_wconf 89' lang='lat' dir='ltr'><strong>resupino</strong></span> <span class='ocrx_word' id='word_1_135' title='bbox 930 1153 1070 1191; x_wconf 89' lang='lat' dir='ltr'><strong>nititur</strong></span> <span class='ocrx_word' id='word_1_136' title='bbox 1096 1164 1187 1191; x_wconf 88' lang='lat' dir='ltr'><strong>ore.</strong></span> 
     </span>
    </p>

    <p class='ocr_par' dir='ltr' id='par_1_9' title="bbox 259 1209 1481 1308">
     <span class='ocr_line' id='line_1_20' title="bbox 259 1209 1481 1263; baseline 0.001 -14"><span class='ocrx_word' id='word_1_137' title='bbox 259 1211 378 1250; x_wconf 89' lang='lat' dir='ltr'><strong>Posse</strong></span> <span class='ocrx_word' id='word_1_138' title='bbox 416 1216 531 1262; x_wconf 90' lang='lat' dir='ltr'><strong>putes</strong></span> <span class='ocrx_word' id='word_1_139' title='bbox 568 1212 705 1262; x_wconf 87' lang='lat' dir='ltr'><strong>tangi:</strong></span> <span class='ocrx_word' id='word_1_140' title='bbox 743 1212 947 1250; x_wconf 89' lang='lat' dir='ltr'><strong>minimum</strong></span> <span class='ocrx_word' id='word_1_141' title='bbox 986 1215 1080 1263; x_wconf 89' lang='lat' dir='ltr'><strong>est,</strong></span> <span class='ocrx_word' id='word_1_142' title='bbox 1118 1209 1221 1261; x_wconf 87' lang='lat' dir='ltr'><strong>quod</strong></span> <span class='ocrx_word' id='word_1_143' title='bbox 1263 1210 1481 1250; x_wconf 82' lang='lat' dir='ltr'><strong>amantibus</strong></span> 
     </span>
     <span class='ocr_line' id='line_1_21' title="bbox 1119 1268 1270 1308; baseline 0.007 -1"><span class='ocrx_word' id='word_1_144' title='bbox 1119 1268 1270 1308; x_wconf 85' lang='lat' dir='ltr'><strong>obstat.</strong></span> 
     </span>
    </p>

    <p class='ocr_par' dir='ltr' id='par_1_10' title="bbox 262 1326 1483 1382">
     <span class='ocr_line' id='line_1_22' title="bbox 262 1326 1483 1382; baseline 0.001 -16"><span class='ocrx_word' id='word_1_145' title='bbox 262 1327 447 1378; x_wconf 88' lang='lat' dir='ltr'><strong>Quisquis</strong></span> <span class='ocrx_word' id='word_1_146' title='bbox 479 1340 550 1380; x_wconf 84' lang='lat' dir='ltr'><strong>es,</strong></span> <span class='ocrx_word' id='word_1_147' title='bbox 581 1328 658 1367; x_wconf 90' lang='lat' dir='ltr'><strong>huc</strong></span> <span class='ocrx_word' id='word_1_148' title='bbox 690 1326 779 1367; x_wconf 84' lang='lat' dir='ltr'><strong>exi!</strong></span> <span class='ocrx_word' id='word_1_149' title='bbox 813 1327 905 1379; x_wconf 88' lang='lat' dir='ltr'><strong>quid</strong></span> <span class='ocrx_word' id='word_1_150' title='bbox 938 1339 999 1366; x_wconf 92' lang='lat' dir='ltr'><strong>me</strong></span> <span class='ocrx_word' id='word_1_151' title='bbox 1017 1359 1028 1380; x_wconf 88' lang='lat'><strong><em>,</em></strong></span> <span class='ocrx_word' id='word_1_152' title='bbox 1054 1339 1153 1378; x_wconf 87' lang='lat' dir='ltr'><strong>puer</strong></span> <span class='ocrx_word' id='word_1_153' title='bbox 1185 1328 1329 1381; x_wconf 83' lang='lat' dir='ltr'><strong>unice,</strong></span> <span class='ocrx_word' id='word_1_154' title='bbox 1360 1326 1483 1382; x_wconf 81' lang='lat' dir='ltr'><strong>fallis,</strong></span> 
     </span>
    </p>

    <p class='ocr_par' dir='ltr' id='par_1_11' title="bbox 173 1384 1482 1672">
     <span class='ocr_line' id='line_1_23' title="bbox 173 1384 1364 1437; baseline 0 -12"><span class='ocrx_word' id='word_1_155' title='bbox 173 1393 240 1425; x_wconf 87' lang='lat'><strong>455</strong></span> <span class='ocrx_word' id='word_1_156' title='bbox 263 1385 395 1432; x_wconf 87' lang='lat' dir='ltr'><strong>Quove</strong></span> <span class='ocrx_word' id='word_1_157' title='bbox 420 1387 568 1437; x_wconf 85' lang='lat' dir='ltr'><strong>petitus</strong></span> <span class='ocrx_word' id='word_1_158' title='bbox 600 1385 682 1425; x_wconf 84' lang='lat' dir='ltr'><strong>abis</strong></span> <span class='ocrx_word' id='word_1_159' title='bbox 701 1384 723 1425; x_wconf 73' lang='lat'><strong>⁴?</strong></span> <span class='ocrx_word' id='word_1_160' title='bbox 755 1392 862 1425; x_wconf 86' lang='lat' dir='ltr'><strong>certe</strong></span> <span class='ocrx_word' id='word_1_161' title='bbox 894 1398 968 1425; x_wconf 88' lang='lat' dir='ltr'><strong>nec</strong></span> <span class='ocrx_word' id='word_1_162' title='bbox 999 1387 1123 1425; x_wconf 84' lang='lat' dir='ltr'><strong>forma</strong></span> <span class='ocrx_word' id='word_1_163' title='bbox 1154 1397 1227 1425; x_wconf 91' lang='lat' dir='ltr'><strong>nec</strong></span> <span class='ocrx_word' id='word_1_164' title='bbox 1259 1391 1364 1425; x_wconf 91' lang='lat' dir='ltr'><strong>aetas</strong></span> 
     </span>
     <span class='ocr_line' id='line_1_24' title="bbox 260 1444 1482 1497; baseline 0.002 -14"><span class='ocrx_word' id='word_1_165' title='bbox 260 1444 331 1483; x_wconf 90' lang='lat' dir='ltr'><strong>Est</strong></span> <span class='ocrx_word' id='word_1_166' title='bbox 345 1456 452 1497; x_wconf 86' lang='lat' dir='ltr'><strong>mea,</strong></span> <span class='ocrx_word' id='word_1_167' title='bbox 467 1456 583 1495; x_wconf 89' lang='lat' dir='ltr'><strong>quam</strong></span> <span class='ocrx_word' id='word_1_168' title='bbox 598 1445 746 1496; x_wconf 83' lang='lat' dir='ltr'><strong>fugias,</strong></span> <span class='ocrx_word' id='word_1_169' title='bbox 767 1450 806 1483; x_wconf 86' lang='lat' dir='ltr'><strong>et</strong></span> <span class='ocrx_word' id='word_1_170' title='bbox 819 1450 998 1483; x_wconf 89' lang='lat' dir='ltr'><strong>amarunt</strong></span> <span class='ocrx_word' id='word_1_171' title='bbox 1013 1456 1074 1483; x_wconf 87' lang='lat' dir='ltr'><strong>me</strong></span> <span class='ocrx_word' id='word_1_172' title='bbox 1091 1456 1246 1496; x_wconf 87' lang='lat' dir='ltr'><strong>quoque</strong></span> <span class='ocrx_word' id='word_1_173' title='bbox 1267 1444 1459 1497; x_wconf 87' lang='lat' dir='ltr'><strong>nymphae</strong></span> <span class='ocrx_word' id='word_1_174' title='bbox 1474 1477 1482 1485; x_wconf 93' lang='lat'><strong><em>.</em></strong></span> 
     </span>
     <span class='ocr_line' id='line_1_25' title="bbox 263 1502 1366 1557; baseline 0 -16"><span class='ocrx_word' id='word_1_175' title='bbox 263 1503 381 1554; x_wconf 89' lang='lat' dir='ltr'><strong>Spem</strong></span> <span class='ocrx_word' id='word_1_176' title='bbox 412 1503 507 1541; x_wconf 86' lang='lat' dir='ltr'><strong>mihi</strong></span> <span class='ocrx_word' id='word_1_177' title='bbox 538 1504 672 1542; x_wconf 89' lang='lat' dir='ltr'><strong>nescio</strong></span> <span class='ocrx_word' id='word_1_178' title='bbox 699 1514 815 1555; x_wconf 89' lang='lat' dir='ltr'><strong>quam</strong></span> <span class='ocrx_word' id='word_1_179' title='bbox 846 1502 955 1542; x_wconf 89' lang='lat' dir='ltr'><strong>vultu</strong></span> <span class='ocrx_word' id='word_1_180' title='bbox 987 1503 1185 1554; x_wconf 84' lang='lat' dir='ltr'><strong>promittis</strong></span> <span class='ocrx_word' id='word_1_181' title='bbox 1217 1504 1366 1557; x_wconf 82' lang='lat' dir='ltr'><strong>amico,</strong></span> 
     </span>
     <span class='ocr_line' id='line_1_26' title="bbox 263 1560 1435 1613; baseline 0.001 -13"><span class='ocrx_word' id='word_1_182' title='bbox 263 1560 438 1612; x_wconf 89' lang='lat' dir='ltr'><strong>Cumque</strong></span> <span class='ocrx_word' id='word_1_183' title='bbox 471 1573 542 1612; x_wconf 84' lang='lat' dir='ltr'><strong>ego</strong></span> <span class='ocrx_word' id='word_1_184' title='bbox 573 1563 732 1612; x_wconf 88' lang='lat' dir='ltr'><strong>porrexi</strong></span> <span class='ocrx_word' id='word_1_185' title='bbox 763 1560 834 1600; x_wconf 89' lang='lat' dir='ltr'><strong>tibi</strong></span> <span class='ocrx_word' id='word_1_186' title='bbox 865 1560 1046 1600; x_wconf 87' lang='lat' dir='ltr'><strong>bracchia</strong></span> <span class='ocrx_word' id='word_1_187' title='bbox 1064 1591 1076 1613; x_wconf 83' lang='lat'><em>,</em></span> <span class='ocrx_word' id='word_1_188' title='bbox 1105 1562 1275 1612; x_wconf 87' lang='lat' dir='ltr'><strong>porrigis</strong></span> <span class='ocrx_word' id='word_1_189' title='bbox 1307 1561 1435 1602; x_wconf 84' lang='lat' dir='ltr'><strong>ultro:</strong></span> 
     </span>
     <span class='ocr_line' id='line_1_27' title="bbox 265 1619 1411 1672; baseline 0.001 -14"><span class='ocrx_word' id='word_1_190' title='bbox 265 1619 363 1658; x_wconf 91' lang='lat' dir='ltr'><strong>Cum</strong></span> <span class='ocrx_word' id='word_1_191' title='bbox 393 1621 492 1672; x_wconf 86' lang='lat' dir='ltr'><strong>risi,</strong></span> <span class='ocrx_word' id='word_1_192' title='bbox 524 1619 703 1659; x_wconf 88' lang='lat' dir='ltr'><strong>arrides:</strong></span> <span class='ocrx_word' id='word_1_193' title='bbox 734 1619 913 1659; x_wconf 84' lang='lat' dir='ltr'><strong>lacrimas</strong></span> <span class='ocrx_word' id='word_1_194' title='bbox 946 1631 1101 1671; x_wconf 90' lang='lat' dir='ltr'><strong>quoque</strong></span> <span class='ocrx_word' id='word_1_195' title='bbox 1134 1631 1249 1671; x_wconf 87' lang='lat' dir='ltr'><strong>saepe</strong></span> <span class='ocrx_word' id='word_1_196' title='bbox 1281 1621 1411 1659; x_wconf 87' lang='lat' dir='ltr'><strong>notavi</strong></span> 
     </span>
    </p>

    <p class='ocr_par' dir='ltr' id='par_1_12' title="bbox 176 1677 1408 1789">
     <span class='ocr_line' id='line_1_28' title="bbox 176 1677 1408 1729; baseline 0.002 -13"><span class='ocrx_word' id='word_1_197' title='bbox 176 1685 243 1717; x_wconf 82' lang='lat'><strong>460</strong></span> <span class='ocrx_word' id='word_1_198' title='bbox 262 1677 322 1717; x_wconf 92' lang='lat' dir='ltr'><strong>Me</strong></span> <span class='ocrx_word' id='word_1_199' title='bbox 354 1677 581 1717; x_wconf 86' lang='lat' dir='ltr'><strong>lacrimante</strong></span> <span class='ocrx_word' id='word_1_200' title='bbox 614 1683 724 1718; x_wconf 89' lang='lat' dir='ltr'><strong>tuas:</strong></span> <span class='ocrx_word' id='word_1_201' title='bbox 755 1683 854 1717; x_wconf 91' lang='lat' dir='ltr'><strong>nutu</strong></span> <span class='ocrx_word' id='word_1_202' title='bbox 887 1690 1043 1729; x_wconf 88' lang='lat' dir='ltr'><strong>quoque</strong></span> <span class='ocrx_word' id='word_1_203' title='bbox 1076 1679 1185 1729; x_wconf 84' lang='lat' dir='ltr'><strong>signa</strong></span> <span class='ocrx_word' id='word_1_204' title='bbox 1216 1679 1408 1719; x_wconf 83' lang='lat' dir='ltr'><strong>remittis:</strong></span> 
     </span>
     <span class='ocr_line' id='line_1_29' title="bbox 262 1736 1242 1789; baseline 0 -14"><span class='ocrx_word' id='word_1_205' title='bbox 262 1736 340 1789; x_wconf 86' lang='lat' dir='ltr'><strong>Et,</strong></span> <span class='ocrx_word' id='word_1_206' title='bbox 373 1741 562 1787; x_wconf 86' lang='lat' dir='ltr'><strong>quantum</strong></span> <span class='ocrx_word' id='word_1_207' title='bbox 594 1742 702 1776; x_wconf 92' lang='lat' dir='ltr'><strong>motu</strong></span> <span class='ocrx_word' id='word_1_208' title='bbox 734 1736 895 1775; x_wconf 83' lang='lat' dir='ltr'><strong>formosi</strong></span> <span class='ocrx_word' id='word_1_209' title='bbox 927 1738 1107 1788; x_wconf 90' lang='lat' dir='ltr'><strong>suspicor</strong></span> <span class='ocrx_word' id='word_1_210' title='bbox 1138 1738 1242 1789; x_wconf 90' lang='lat' dir='ltr'><strong>oris,</strong></span> 
     </span>
    </p>

    <p class='ocr_par' dir='ltr' id='par_1_13' title="bbox 263 1793 1406 1964">
     <span class='ocr_line' id='line_1_30' title="bbox 264 1793 1406 1847; baseline 0.001 -15"><span class='ocrx_word' id='word_1_211' title='bbox 264 1793 388 1833; x_wconf 90' lang='lat' dir='ltr'><strong>Verba</strong></span> <span class='ocrx_word' id='word_1_212' title='bbox 419 1795 546 1834; x_wconf 84' lang='lat' dir='ltr'><strong>refers</strong></span> <span class='ocrx_word' id='word_1_213' title='bbox 565 1826 576 1847; x_wconf 81' lang='lat'><strong><em>,</em></strong></span> <span class='ocrx_word' id='word_1_214' title='bbox 608 1807 723 1834; x_wconf 88' lang='lat' dir='ltr'><strong>aures</strong></span> <span class='ocrx_word' id='word_1_215' title='bbox 755 1807 833 1834; x_wconf 91' lang='lat' dir='ltr'><strong>non</strong></span> <span class='ocrx_word' id='word_1_216' title='bbox 864 1796 1133 1846; x_wconf 87' lang='lat' dir='ltr'><strong>pervenientia</strong></span> <span class='ocrx_word' id='word_1_217' title='bbox 1164 1800 1318 1834; x_wconf 85' lang='lat' dir='ltr'><strong>nostras</strong></span> <span class='ocrx_word' id='word_1_218' title='bbox 1351 1816 1406 1822; x_wconf 94' lang='lat'>—</span> 
     </span>
     <span class='ocr_line' id='line_1_31' title="bbox 263 1852 1383 1919; baseline 0 -27"><span class='ocrx_word' id='word_1_219' title='bbox 263 1853 341 1892; x_wconf 87' lang='lat' dir='ltr'><strong>Iste</strong></span> <span class='ocrx_word' id='word_1_220' title='bbox 374 1865 445 1904; x_wconf 87' lang='lat' dir='ltr'><strong>ego</strong></span> <span class='ocrx_word' id='word_1_221' title='bbox 478 1852 594 1892; x_wconf 80' lang='lat' dir='ltr'><strong>sum!</strong></span> <span class='ocrx_word' id='word_1_222' title='bbox 628 1854 761 1906; x_wconf 84' lang='lat' dir='ltr'><strong>sensi3</strong></span> <span class='ocrx_word' id='word_1_223' title='bbox 793 1865 867 1893; x_wconf 88' lang='lat' dir='ltr'><strong>nec</strong></span> <span class='ocrx_word' id='word_1_224' title='bbox 898 1865 960 1892; x_wconf 89' lang='lat' dir='ltr'><strong>me</strong></span> <span class='ocrx_word' id='word_1_225' title='bbox 992 1853 1204 1919; x_wconf 49' lang='lat' dir='ltr'><strong>mQallit</strong></span> <span class='ocrx_word' id='word_1_226' title='bbox 1234 1855 1383 1904; x_wconf 88' lang='lat' dir='ltr'><strong>imago.</strong></span> 
     </span>
     <span class='ocr_line' id='line_1_32' title="bbox 264 1910 1330 1964; baseline 0.001 -14"><span class='ocrx_word' id='word_1_227' title='bbox 264 1910 365 1950; x_wconf 90' lang='lat' dir='ltr'><strong>Uror</strong></span> <span class='ocrx_word' id='word_1_228' title='bbox 397 1923 528 1950; x_wconf 86' lang='lat' dir='ltr'><strong>amore</strong></span> <span class='ocrx_word' id='word_1_229' title='bbox 560 1913 667 1964; x_wconf 84' lang='lat' dir='ltr'><strong>mei,</strong></span> <span class='ocrx_word' id='word_1_230' title='bbox 698 1912 870 1951; x_wconf 85' lang='lat' dir='ltr'><strong>flammas</strong></span> <span class='ocrx_word' id='word_1_231' title='bbox 897 1923 1111 1963; x_wconf 90' lang='lat' dir='ltr'><strong>moveoque</strong></span> <span class='ocrx_word' id='word_1_232' title='bbox 1143 1912 1330 1963; x_wconf 84' lang='lat' dir='ltr'><strong>seroque.</strong></span> 
     </span>
    </p>

    <p class='ocr_par' dir='ltr' id='par_1_14' title="bbox 178 1966 1485 2080">
     <span class='ocr_line' id='line_1_33' title="bbox 178 1966 1485 2023; baseline 0.001 -15"><span class='ocrx_word' id='word_1_233' title='bbox 178 1976 243 2008; x_wconf 82' lang='lat'><strong>465</strong></span> <span class='ocrx_word' id='word_1_234' title='bbox 265 1969 366 2014; x_wconf 88' lang='lat' dir='ltr'><strong>Quid</strong></span> <span class='ocrx_word' id='word_1_235' title='bbox 386 1968 557 2009; x_wconf 77' lang='lat' dir='ltr'><strong>faciam?</strong></span> <span class='ocrx_word' id='word_1_236' title='bbox 577 1982 716 2023; x_wconf 82' lang='lat' dir='ltr'><strong>roger,</strong></span> <span class='ocrx_word' id='word_1_237' title='bbox 736 1983 835 2009; x_wconf 90' lang='lat' dir='ltr'><strong>anne</strong></span> <span class='ocrx_word' id='word_1_238' title='bbox 848 1982 983 2021; x_wconf 85' lang='lat' dir='ltr'><strong>rogem</strong></span> <span class='ocrx_word' id='word_1_239' title='bbox 997 1967 1018 2009; x_wconf 71' lang='grc' dir='ltr'><strong>ἱ)</strong></span> <span class='ocrx_word' id='word_1_240' title='bbox 1037 1969 1131 2021; x_wconf 91' lang='lat' dir='ltr'><strong>quid</strong></span> <span class='ocrx_word' id='word_1_241' title='bbox 1145 1970 1285 2009; x_wconf 90' lang='lat' dir='ltr'><strong>deinde</strong></span> <span class='ocrx_word' id='word_1_242' title='bbox 1305 1966 1485 2022; x_wconf 79' lang='lat' dir='ltr'><strong>rogaho?</strong></span> 
     </span>
     <span class='ocr_line' id='line_1_34' title="bbox 266 2027 1402 2080; baseline 0.001 -14"><span class='ocrx_word' id='word_1_243' title='bbox 266 2027 377 2073; x_wconf 88' lang='lat' dir='ltr'><strong>Quod</strong></span> <span class='ocrx_word' id='word_1_244' title='bbox 410 2031 524 2079; x_wconf 85' lang='lat' dir='ltr'><strong>cupio</strong></span> <span class='ocrx_word' id='word_1_245' title='bbox 557 2041 711 2068; x_wconf 88' lang='lat' dir='ltr'><strong>mecum</strong></span> <span class='ocrx_word' id='word_1_246' title='bbox 737 2034 827 2068; x_wconf 86' lang='lat' dir='ltr'><strong>est:</strong></span> <span class='ocrx_word' id='word_1_247' title='bbox 859 2030 1015 2080; x_wconf 87' lang='lat' dir='ltr'><strong>inopem</strong></span> <span class='ocrx_word' id='word_1_248' title='bbox 1047 2041 1109 2067; x_wconf 92' lang='lat' dir='ltr'><strong>me</strong></span> <span class='ocrx_word' id='word_1_249' title='bbox 1141 2030 1252 2080; x_wconf 88' lang='lat' dir='ltr'><strong>copia</strong></span> <span class='ocrx_word' id='word_1_250' title='bbox 1283 2029 1402 2068; x_wconf 84' lang='lat' dir='ltr'><strong>fecit.</strong></span> 
     </span>
    </p>

    <p class='ocr_par' dir='ltr' id='par_1_15' title="bbox 266 2085 1325 2139">
     <span class='ocr_line' id='line_1_35' title="bbox 266 2085 1325 2139; baseline 0.003 -15"><span class='ocrx_word' id='word_1_251' title='bbox 266 2085 297 2124; x_wconf 93' lang='grc' dir='ltr'><strong>Ο</strong></span> <span class='ocrx_word' id='word_1_252' title='bbox 330 2087 477 2125; x_wconf 89' lang='lat' dir='ltr'><strong>utinam</strong></span> <span class='ocrx_word' id='word_1_253' title='bbox 510 2098 531 2125; x_wconf 91' lang='lat' dir='ltr'><strong>a</strong></span> <span class='ocrx_word' id='word_1_254' title='bbox 562 2093 697 2126; x_wconf 88' lang='lat' dir='ltr'><strong>nostro</strong></span> <span class='ocrx_word' id='word_1_255' title='bbox 731 2087 916 2127; x_wconf 86' lang='lat' dir='ltr'><strong>secedere</strong></span> <span class='ocrx_word' id='word_1_256' title='bbox 949 2099 1114 2139; x_wconf 90' lang='lat' dir='ltr'><strong>corpore</strong></span> <span class='ocrx_word' id='word_1_257' title='bbox 1144 2086 1325 2139; x_wconf 80' lang='lat' dir='ltr'><strong>possem!</strong></span> 
     </span>
    </p>

    <p class='ocr_par' dir='ltr' id='par_1_16' title="bbox 265 2142 1485 2244">
     <span class='ocr_line' id='line_1_36' title="bbox 265 2142 1395 2199; baseline 0.004 -18"><span class='ocrx_word' id='word_1_258' title='bbox 265 2142 406 2183; x_wconf 88' lang='lat' dir='ltr'><strong>Votum</strong></span> <span class='ocrx_word' id='word_1_259' title='bbox 431 2145 472 2183; x_wconf 93' lang='lat' dir='ltr'><strong>in</strong></span> <span class='ocrx_word' id='word_1_260' title='bbox 503 2151 654 2184; x_wconf 89' lang='lat' dir='ltr'><strong>amante</strong></span> <span class='ocrx_word' id='word_1_261' title='bbox 686 2158 829 2185; x_wconf 89' lang='lat' dir='ltr'><strong>novum</strong></span> <span class='ocrx_word' id='word_1_262' title='bbox 848 2177 859 2199; x_wconf 87' lang='lat'><em>,</em></span> <span class='ocrx_word' id='word_1_263' title='bbox 890 2145 1028 2185; x_wconf 92' lang='lat' dir='ltr'><strong>vellem</strong></span> <span class='ocrx_word' id='word_1_264' title='bbox 1061 2146 1165 2197; x_wconf 91' lang='lat' dir='ltr'><strong>quod</strong></span> <span class='ocrx_word' id='word_1_265' title='bbox 1197 2157 1395 2199; x_wconf 88' lang='lat' dir='ltr'><strong>amamus,</strong></span> 
     </span>
     <span class='ocr_line' id='line_1_37' title="bbox 1221 2204 1485 2244; baseline 0.008 -2"><span class='ocrx_word' id='word_1_266' title='bbox 1221 2204 1397 2244; x_wconf 87' lang='lat' dir='ltr'><strong>abesset!</strong></span> <span class='ocrx_word' id='word_1_267' title='bbox 1431 2226 1485 2233; x_wconf 89' lang='lat'><strong>—-—</strong></span> 
     </span>
    </p>

    <p class='ocr_par' dir='ltr' id='par_1_17' title="bbox 267 2260 1333 2315">
     <span class='ocr_line' id='line_1_38' title="bbox 267 2260 1333 2315; baseline 0.004 -16"><span class='ocrx_word' id='word_1_268' title='bbox 267 2260 423 2313; x_wconf 85' lang='lat' dir='ltr'><strong>Iamque</strong></span> <span class='ocrx_word' id='word_1_269' title='bbox 456 2260 565 2300; x_wconf 92' lang='lat' dir='ltr'><strong>dolor</strong></span> <span class='ocrx_word' id='word_1_270' title='bbox 597 2263 699 2300; x_wconf 89' lang='lat' dir='ltr'><strong>vires</strong></span> <span class='ocrx_word' id='word_1_271' title='bbox 731 2262 890 2315; x_wconf 86' lang='lat' dir='ltr'><strong>adimit,</strong></span> <span class='ocrx_word' id='word_1_272' title='bbox 923 2275 995 2302; x_wconf 88' lang='lat' dir='ltr'><strong>nec</strong></span> <span class='ocrx_word' id='word_1_273' title='bbox 1026 2268 1203 2315; x_wconf 89' lang='lat' dir='ltr'><strong>tempora</strong></span> <span class='ocrx_word' id='word_1_274' title='bbox 1234 2264 1333 2303; x_wconf 89' lang='lat' dir='ltr'><strong>vitae</strong></span> 
     </span>
    </p>
   </div>
  </div>
 </body>
</html>
