1538 2496
118 88 204 129 264
375 99 499 122 unxi-:s
672 84 884 119 METAMM
900 111 907 119 .

235 197 482 236 Admiremur
516 207 604 234 eum
622 226 633 247 ‚
666 193 773 232 vobis
808 206 963 245 quoque
997 194 1110 246 digna
1141 195 1291 248 pudore

237 255 393 296 Obicit.
434 266 480 292 an
515 253 608 291 salso
641 252 872 292 Palameden
905 254 1068 293 crimine
1100 259 1215 306 turpe

236 315 450 353 Accusasse
483 311 606 363 mihi,
638 311 746 350 vobis
779 311 982 351 damnasse
1015 313 1202 352 decorum
1236 311 1332 354 est?

148 382 216 413 310
237 373 313 412 Sed
347 382 473 422 neque
505 369 738 422 Naupliades
770 370 919 410 facinus
952 371 1162 411 defendere
1195 377 1345 412 tantum

234 431 407 480 Tamque
442 434 578 480 patens
611 428 758 480 valuit,
792 440 864 468 nec
897 441 964 468 vos
996 429 1159 469 audistis
1191 432 1231 469 in
1263 431 1327 470 illo

237 489 435 528 Crimina:
468 486 617 526 vidistis
635 519 647 540 ,
678 492 914 539 praestoque
946 487 1098 527 obiecta
1127 488 1334 540 patebant.

235 547 314 586 Nec
346 546 609 585 Poeantiaden
643 546 746 597 quod
779 545 895 585 habet
927 546 1110 586 Vulcania
1142 546 1334 601 Lemnos,

234 605 331 645 Esse
363 617 456 644 reus
489 606 644 644 merui.
684 605 828 644 factum
861 605 1058 645 defendite
1091 611 1287 659 vestrum3

148 672 213 705 315
236 664 500 703 Consensistis
533 665 664 702 enim.
703 675 775 702 nec
808 676 868 703 me
901 666 1071 703 suasisse
1103 664 1276 717 negabo,

234 723 284 762 Ut
315 734 356 761 se
389 721 640 761 subtraheret
670 721 842 773 bellique
875 724 1036 774 viaeque
1069 722 1216 777 labori,

234 781 540 832 Temptaretque
574 781 678 819 seros
710 782 848 831 requie
881 781 1005 820 lenire
1038 781 1216 821 dolores.

236 840 401 892 Paruit,
435 845 474 878 et
505 841 625 878 vivit.
665 851 743 878 non
778 839 872 878 haec
905 842 1100 879 sententia
1132 847 1283 881 tantum

234 898 356 951 Fida,
382 897 451 937 sed
484 903 522 937 et
555 898 674 950 felix3
707 910 797 937 cum
829 900 880 937 sit
911 900 1033 951 satis,
1066 911 1152 938 esse
1183 899 1358 940 fidelem.

147 965 215 997 320
236 957 361 1003 Quem
396 958 578 1008 quoniam
610 962 716 996 vates
749 956 911 995 delenda
943 957 990 996 ad
1021 957 1210 1009 Pergama
1239 964 1432 1013 poscunt,

235 1015 291 1055 Ne
325 1015 502 1054 mandate
536 1014 659 1054 mihi:
690 1015 830 1056 melius
862 1015 1111 1055 Telamonius
1145 1016 1238 1071 ibit,

236 1073 482 1125 Eloquioque
515 1075 643 1113 virum
674 1073 821 1112 morbis
853 1075 988 1125 iraque
1022 1075 1218 1114 furentem

235 1133 382 1172 Molliet
399 1164 410 1186 ,
443 1138 510 1171 aut
541 1133 668 1183 aliqua
699 1132 892 1183 producet
924 1132 1085 1172 callidus
1117 1140 1223 1174 arte.

235 1192 333 1230 Ante
366 1197 472 1230 retro
507 1190 647 1229 Simois
679 1190 775 1230 ssuet
806 1197 845 1230 et
877 1193 960 1230 sine
993 1191 1197 1231 frondibus
1229 1192 1295 1232 Ide

147 1257 214 1290 325
237 1249 391 1303 Stabit,
424 1255 463 1288 et
494 1249 681 1288 auxilium
712 1251 916 1301 promittet
947 1250 1089 1290 Achaia
1114 1250 1277 1304 Troiae,

237 1309 361 1355 Quam
379 1340 389 1360 ‚
423 1314 601 1347 cessante
634 1320 719 1347 meo
752 1320 822 1360 pro
856 1310 996 1348 vestris
1028 1315 1189 1361 pectore
1221 1309 1365 1364 rebus,

236 1367 362 1406 Aiacis
395 1367 524 1406 stolidi
557 1366 696 1406 Danais
728 1366 899 1406 sollertia
930 1369 1076 1419 prosit.

237 1425 298 1464 Sis
331 1425 422 1464 licet
453 1426 619 1464 infestus
652 1426 768 1464 sociis
801 1427 962 1477 regique
995 1426 1189 1480 mihique,

236 1483 340 1523 Dure
372 1483 617 1536 Philoctete3
648 1483 740 1522 licet
771 1495 976 1523 exsecrere
995 1516 1006 1537 ,
1038 1497 1247 1536 meumque

148 1551 216 1583 330
237 1542 433 1581 Devoveas
465 1544 548 1581 sine
582 1542 656 1580 fine
691 1548 829 1594 caput,
862 1545 1074 1594 cupiasque
1107 1543 1254 1582 dolenti

235 1601 295 1639 Me
329 1600 399 1639 tibi
431 1600 530 1640 forte
564 1600 676 1653 dari,
708 1606 964 1652 nostrumque
998 1601 1155 1640 haurire
1188 1614 1395 1644 cruoremz

238 1658 385 1710 [thue
418 1660 477 1698 tui
508 1659 632 1711 mihi,
664 1660 720 1698 sic
753 1659 818 1698 fiat
851 1659 920 1698 tibi
953 1661 1064 1712 copia
1095 1661 1220 1699 nostri
1235 1659 1262 1711 .]

235 1717 290 1756 Te
324 1723 453 1756 tamen
485 1717 717 1770 aggrediar,
750 1730 982 1769 mecumque
1014 1718 1205 1758 reducere
1236 1721 1363 1760 nitar:

237 1776 411 1828 Tamque
446 1777 522 1815 tuis
554 1778 681 1827 potiar
700 1807 711 1829 ,
744 1777 867 1816 faveat
898 1777 1102 1839 Fortuna,
1133 1779 1309 1832 sagittis,

150 1842 216 1874 335
238 1835 363 1881 Quam
395 1846 483 1874 sum
514 1834 737 1888 Dardanio,
770 1847 887 1886 quem
919 1837 1033 1888 cepi,
1066 1841 1150 1875 vate
1182 1838 1355 1890 potitus3

238 1893 363 1939 Quam
395 1905 584 1944 responsa
616 1893 733 1932 deum
764 1893 1010 1945 Troianaque
1043 1894 1120 1933 fata
1151 1896 1300 1947 retexi3

238 1951 362 1997 Quam
394 1953 506 2003 rapui
537 1951 726 2003 Phrygiae
758 1953 913 2003 signum
945 1952 1144 2003 penetrale
1176 1952 1371 1993 Minervae

237 2009 424 2048 Hostibus
458 2022 477 2048 e
511 2010 676 2050 mediis.
715 2016 754 2049 et
785 2023 827 2049 se
859 2010 954 2049 mihi
986 2016 1185 2062 comparat
1214 2009 1343 2051 Aiax?

239 2067 387 2118 Nempe
420 2070 505 2120 capi
537 2068 693 2107 Troiam
725 2068 987 2120 prohibebant
1019 2070 1094 2108 fata
1126 2071 1210 2109 sine
1241 2069 1329 2110 illo.

152 2133 219 2165 340
240 2125 370 2165 Fortis
404 2125 470 2165 ubi
503 2132 562 2166 est
593 2127 687 2165 Aiax
707 2125 728 2166 Ῥ
760 2127 826 2167 ubi
859 2133 951 2166 sunt
982 2129 1154 2179 ingentia
1185 2130 1314 2180 magni

239 2183 365 2222 Verba
396 2185 469 2222 viri
489 2182 509 2222 3>
542 2197 612 2224 cur
644 2185 706 2224 hic
740 2187 881 2225 metuis
901 2183 922 2225 P
954 2199 1025 2225 cur
1057 2187 1174 2225 audet
1205 2186 1336 2226 Ulixes

239 2241 299 2281 Ire
332 2254 402 2293 per
435 2242 618 2281 excubias
652 2250 690 2283 et
721 2256 763 2283 se
797 2246 1041 2284 committere
1073 2246 1202 2298 nocti,

239 2300 394 2352 Perque
426 2301 530 2339 feros
564 2313 677 2340 enses
711 2315 790 2342 non
821 2309 972 2343 tantum
1004 2305 1157 2343 moenia
1187 2303 1364 2357 Troum,
