1527 2580
566 58 672 102 XIV,
700 62 905 93 422—495.
1027 71 1201 94 monzons
1321 59 1409 100 295

183 166 335 208 Moenia
367 167 625 220 condiderat,
657 168 877 219 dotaliaque
910 180 998 206 arva
1032 167 1212 207 tenebat.

100 234 168 266 468
191 226 267 265 Sed
299 225 471 266 Venulus
504 226 628 265 Turni
660 233 866 278 postquam
899 226 1077 265 mandata
1109 227 1261 278 peregit

185 284 458 336 Auxiliumque
490 286 617 336 petit,
649 287 751 324 vires
783 284 957 324 Aetolius
990 285 1106 324 heros

184 342 382 395 Excusat3
415 354 487 382 nec
520 355 561 382 se
594 349 660 382 aut
691 345 819 382 soceri
852 344 1095 382 committere
1128 355 1280 394 pugnae

187 401 291 441 Velle
324 403 385 441 sui
417 401 611 453 populos,
644 408 710 441 aut
743 413 839 452 quos
873 414 894 441 e
925 407 1041 452 gente
1074 414 1237 441 suorum

184 461 347 512 Armet,
378 459 523 499 habere
555 461 659 499 viros
727 457 840 499 ‘neve
871 460 966 499 haec
994 466 1213 499 commenta
1238 461 1409 512 putetis,

96 525 166 557 465
187 518 397 557 Admonitu
430 530 664 569 quamquam
696 518 825 557 luctus
858 524 1097 557 renoventur
1129 520 1272 571 amari,

185 576 387 628 Perpetiar
408 588 626 615 memorare
647 583 776 615 tamen
798 608 805 615 .
838 582 1045 627 postquam
1065 576 1140 616 alta
1160 582 1330 617 cremata
1351 583 1411 616 est

186 634 313 687 ilion,
341 641 379 674 et
411 634 559 674 Danaas
591 641 783 686 paverunt
814 634 1001 686 Pergama
1033 634 1168 688 Diras,

184 693 453 744 Naryciusque
486 693 602 732 heros
621 725 633 745 ,
665 706 686 732 a
717 692 873 744 Virgine
907 695 1056 744 virgine
1088 700 1199 745 rapta
1218 725 1229 746 ,

187 751 311 797 Quam
343 753 488 790 meruit
518 764 683 803 poenam
716 751 851 804 solus,
884 752 1046 803 digessit
1076 753 1116 790 in
1149 764 1309 804 omnes,

96 817 166 850 470
188 809 446 862 Spargimur,
478 815 518 849 et
547 812 674 849 ventis
706 811 862 849 inimica
893 822 964 861 per
996 822 1167 861 aequora
1198 813 1299 862 rapti

184 868 392 921 Fulmina,
424 874 579 907 noctem
598 900 609 921 ‚
641 868 786 908 imbres
805 900 816 920 ‚
847 870 944 907 iram
977 869 1152 919 caelique
1184 871 1382 920 marisque

185 926 436 978 Perpetimur
467 927 617 979 Danai,
650 927 929 978 cumulumque
963 926 1161 977 Capharea
1193 927 1333 967 eladis.

185 985 290 1024 Neve
323 997 454 1024 morer
486 986 664 1024 reserens
696 986 828 1024 tristes
860 997 908 1024 ex
940 985 1076 1024 ordine
1109 997 1246 1038 casus,

186 1043 347 1083 Graecia
379 1049 462 1083 tum
493 1045 622 1095 potuit
651 1043 806 1082 Priamo
839 1055 997 1094 quoque
1029 1043 1155 1082 ssenda
1187 1044 1333 1083 videri.

96 1109 165 1141 475
185 1101 246 1141 Me
278 1108 407 1141 tamen
440 1102 646 1141 armiferae
678 1108 874 1141 servatum
907 1114 1001 1140 cura
1027 1101 1222 1141 Minervae

188 1160 392 1200 Fluctibus
425 1162 598 1211 eripuit.
637 1161 774 1212 patriis
807 1160 875 1199 sed
908 1171 1049 1199 rursus
1081 1159 1128 1198 ab
1161 1162 1264 1211 agris

185 1218 315 1258 Pellor
333 1250 344 1271 ‚
376 1225 416 1258 et
447 1220 607 1270 antiquo
640 1230 834 1258 memores
867 1218 914 1257 de
946 1218 1107 1258 vulnere
1139 1230 1284 1270 poenas

187 1276 316 1329 Exigit
347 1277 445 1316 alma
477 1276 637 1330 Venus3
671 1283 877 1328 tantosque
908 1288 980 1328 per
1012 1276 1087 1315 alta
1118 1276 1271 1316 labores

185 1337 366 1387 Aequora
397 1337 596 1388 sustinui,
628 1341 755 1375 tantos
787 1334 1044 1374 terrestribus
1075 1336 1217 1387 armis,

98 1402 168 1434 480
187 1393 240 1433 Ut
271 1394 366 1433 mihi
399 1394 532 1433 felices
564 1396 642 1433 sint
673 1394 738 1433 illi·
760 1406 876 1445 saepe
907 1395 1056 1446 vocati,

189 1452 295 1499 Quos
328 1454 547 1492 communis
580 1452 705 1491 hiems
737 1454 1054 1503 inportunusque
1088 1451 1312 1503 Caphareus

186 1510 322 1550 Mersit
353 1513 464 1562 aquis
483 1542 494 1563 ,
525 1510 742 1561 vellemque
773 1511 916 1549 horum
946 1522 1038 1562 pars
1070 1523 1146 1549 una
1179 1512 1365 1550 fuissem.

185 1569 328 1608 Ultima
358 1571 434 1608 iam
466 1570 571 1620 passi
597 1571 760 1608 comites
792 1568 973 1619 belloque
1006 1569 1185 1619 fretoque

188 1627 383 1666 Deficiunt
413 1627 609 1678 finemque
641 1632 781 1678 rogant
807 1628 982 1666 erroris.
1022 1632 1061 1665 at
1092 1627 1239 1666 Acmon

102 1693 167 1725 485
190 1685 378 1725 Fervidus
409 1687 565 1736 ingenio
585 1717 596 1738 ,
629 1691 711 1724 tum
743 1697 835 1723 vero
869 1691 908 1724 et
938 1684 1112 1724 cladibus
1145 1697 1282 1738 asper,

189 1741 322 1790 “Quid
354 1750 565 1796 superest,
598 1743 702 1794 quod
734 1744 809 1782 iam
841 1744 1027 1794 patientia
1059 1748 1187 1782 vestra
1220 1749 1377 1783 recuset

187 1802 307 1842 Ferre
327 1834 338 1855 ‚
363 1804 436 1841 viri
455 1799 492 1841 ‘2’
519 1802 616 1841 dixit
642 1799 751 1852 ‘quid
777 1801 894 1840 habet
914 1800 1103 1852 Cytherea
1123 1833 1134 1853 ,
1159 1801 1262 1852 quod
1290 1802 1413 1854 ultra,

188 1860 294 1900 Velle
326 1867 448 1912 puta,
482 1861 596 1899 saciat
616 1858 637 1899 ⁴?
670 1872 757 1899 nam
791 1860 884 1899 dum
916 1861 1048 1910 peiora
1082 1861 1292 1911 timentur,

189 1919 258 1958 Est
289 1919 398 1959 locus
430 1921 470 1958 in
497 1919 667 1958 vulnus:
700 1930 786 1957 sors
812 1924 942 1957 autem
968 1917 1035 1957 ubi
1061 1919 1227 1969 pessima
1254 1930 1413 1970 rerum,

100 1985 169 2018 490
191 1977 271 2016 Sub
303 1977 469 2029 pedibus
503 1979 618 2016 timor
651 1983 738 2029 est,
771 1987 988 2027 securaque
1015 1988 1166 2015 summa
1198 1976 1412 2016 malorum.

189 2035 330 2075 Audiat
360 2037 472 2088 ipsa,
505 2035 596 2075 licet
613 2067 624 2088 ,
656 2041 724 2087 et,
756 2035 858 2086 quod
893 2035 1013 2087 facit,
1044 2034 1172 2074 oderit
1203 2046 1338 2074 omnes

191 2094 271 2133 Sub
303 2091 489 2133 Diomede
522 2095 654 2146 viros,
686 2093 820 2133 odium
853 2099 982 2132 tamen
1014 2092 1117 2132 illius
1149 2105 1285 2132 omnes

191 2152 450 2204 Spernimus3
484 2158 522 2191 et
553 2164 690 2203 magno
724 2157 801 2190 stat
831 2151 1159 2203 magniloquentia
1193 2147 1359 2190 nobis.”

190 2210 348 2250 Talibus
380 2212 539 2249 irritans
573 2209 762 2249 Venerem
794 2209 1028 2249 Pleuronius
1059 2210 1205 2248 Acmon

103 2277 169 2309 495
192 2269 411 2309 instimulat
443 2269 570 2308 verbis
589 2300 600 2320 ‚
633 2274 884 2320 veteremque
917 2269 1126 2308 resuseitat
1157 2269 1277 2307 iram.
