1554 2506
133 67 217 108 104
359 79 539 103 murnum
683 66 895 102 METAMM
910 93 918 102 .

247 174 389 217 “‘Pars
421 190 492 230 ego
526 176 782 228 nympharum
802 208 813 228 ‚
845 189 943 228 quae
964 185 1055 217 sunt
1076 180 1114 217 in
1137 177 1304 218 Achaide
1316 176 1344 231 ‚’
1369 178 1469 219 dixit

248 235 344 276 ‘Una
378 237 462 276 fui:
494 248 566 274 noc
600 247 660 274 me
693 235 906 274 studiosius
939 236 1058 275 altera
1092 237 1214 276 saltus

246 295 385 347 Legit,
418 307 490 333 nec
522 295 653 345 posuit
684 293 897 333 studiosius
929 294 1050 334 altera
1082 307 1236 335 casseS.

158 360 226 393 580
249 354 324 392 Sed
358 354 531 404 quamvis
564 354 711 391 formae
743 364 955 403 numquam
981 353 1076 392 mihi
1107 354 1207 393 fama
1232 355 1353 406 petita
1385 360 1471 406 est,

247 413 430 458 Quamvis
462 412 575 450 sortis
607 423 714 450 eram
733 443 743 463 ‚
770 412 962 450 formosae
994 424 1136 452 nomen
1167 412 1379 452 habebam.

246 471 278 509 N
306 483 326 509 c
359 482 442 509 mea
474 481 537 508 me
568 470 686 509 facies
718 471 882 509 nimium
913 470 1066 509 laudata
1096 471 1274 523 iuvabat3

281 541 408 579 uaque
442 528 536 567 aliae
569 529 739 579 gaudere
771 528 927 581 solent,
960 541 1031 580 ego
1063 531 1211 569 rustica
1242 529 1332 569 dote

246 587 431 638 Corporis
464 586 634 639 erubui,
666 589 895 638 crimenque
927 587 1081 639 placere
1113 590 1268 640 putavi.

157 653 222 686 585
245 646 363 685 Lassa
393 645 620 686 revertebar
638 678 649 698 ‚
681 647 869 698 memini,
901 646 1164 698 Stymphalide
1196 647 1313 686 silva:

246 706 388 744 Aestus
421 710 533 757 erat,
565 717 826 755 magnumque
858 704 968 743 labor
999 707 1263 756 geminaverat
1294 711 1469 746 aestum.

244 763 404 803 Invenio
431 764 516 802 sine
549 765 693 802 vertice
726 775 874 815 aquas,
906 764 990 802 sine
1022 775 1225 803 murmure
1258 770 1420 816 euntes,

244 822 478 874 Perspicuas
510 822 556 861 ad
587 822 750 862 humum
769 854 780 875 ‚
811 834 882 873 per
914 834 1010 873 quas
1042 821 1295 862 numerabilis
1327 822 1401 861 alte

246 880 426 920 Calculus
458 882 585 920 omnis
617 887 730 933 erat,
762 893 858 932 quas
889 887 931 919 tu
962 882 1024 919 vix
1056 883 1112 920 ire
1144 887 1326 933 putares.

157 946 225 977 590
246 939 348 978 Cana
380 939 513 978 salicta
545 939 689 979 dabant
720 941 945 989 nutritaque
978 940 1145 991 populus
1168 941 1271 981 unda

247 998 393 1049 Sponte
426 1011 496 1037 sua
528 1005 637 1037 natas
669 999 765 1050 ripis
797 997 1010 1037 declivibus
1039 995 1220 1038 umhmsj

245 1058 433 1109 Accessi,
464 1058 713 1108 primumque
745 1057 856 1108 pedis
889 1058 1048 1108 vestigia
1080 1058 1203 1109 tinxi,

245 1115 396 1167 poplite
429 1115 568 1154 deinde
601 1121 747 1154 tenus:
779 1127 906 1166 neque
938 1127 984 1154 eo
1017 1120 1230 1168 contenta,
1262 1116 1470 1168 recingor,

245 1174 450 1225 Molliaque
483 1175 628 1225 inpono
661 1173 768 1212 salici
800 1174 988 1212 velamina
1020 1186 1186 1226 curvae,

158 1239 224 1270 555
245 1232 436 1283 Nudaque
467 1244 625 1284 mergor
656 1234 767 1284 aquis
788 1263 797 1272 .
836 1244 932 1283 quas
964 1232 1055 1271 dum
1077 1233 1254 1284 serioque
1274 1232 1468 1285 trahoque

245 1291 347 1330 Mille
380 1291 504 1330 modis
535 1290 669 1330 labens
688 1323 699 1344 ‚
731 1302 972 1342 excussaque
1003 1290 1183 1330 bracchia
1214 1293 1338 1344 iacto,

245 1349 385 1389 Nescio
413 1350 515 1401 quod
548 1350 675 1388 medio
708 1351 813 1389 sensi
845 1349 918 1389 sub
949 1351 1103 1401 gurgite
1135 1361 1339 1403 murmur,

245 1408 478 1459 Territaque
509 1410 648 1447 insisto
680 1409 876 1460 propioris
908 1410 1084 1459 margine
1115 1410 1247 1460 ripae.

247 1464 397 1512 ““Quo
429 1479 619 1518 properas
637 1498 648 1518 ,
679 1467 873 1506 Arethusa
892 1464 929 1505 ‘?'
961 1469 1042 1505 suis
1063 1466 1234 1518 Alpheus
1261 1466 1308 1506 ab
1328 1466 1471 1519 undis,

157 1534 226 1567 600
246 1523 348 1572 ‘Quo
379 1538 568 1577 properas
587 1522 672 1564 ‘?’”'
703 1527 848 1564 iterum
879 1536 998 1564 rauco
1030 1525 1125 1564 mihi
1156 1525 1307 1565 dixerat
1337 1537 1428 1565 ore.

247 1585 358 1624 Sicut
388 1596 524 1637 eram,
556 1584 662 1635 fugio
695 1585 779 1622 sine
812 1583 1009 1623 vestibus:
1040 1583 1161 1623 altera
1192 1591 1321 1623 vestes

245 1643 342 1695 Ripa
374 1655 481 1682 meas
513 1642 650 1682 habuit
669 1673 678 1682 .
714 1648 823 1681 tanto
855 1643 977 1694 magis
1007 1643 1128 1681 instat
1157 1648 1198 1682 et
1228 1642 1361 1695 ardet,

245 1701 297 1741 Et
327 1703 416 1753 quia
448 1702 552 1740 nuda
584 1702 640 1740 fui
658 1733 669 1754 ,
701 1713 788 1740 sum
820 1702 901 1740 visa
931 1702 1104 1753 paratior
1135 1701 1214 1740 illi.

247 1761 312 1800 Sic
344 1772 415 1812 ego
448 1759 654 1800 currebam
674 1791 685 1812 ‚
717 1761 773 1799 sic
804 1772 866 1799 me
899 1760 1007 1799 ferus
1039 1759 1102 1799 iile
1134 1759 1361 1813 premebat,

158 1827 225 1859 605
247 1819 297 1858 Ut
329 1820 465 1869 fugere
496 1820 723 1870 accipitrem
753 1830 881 1870 penna
913 1818 1132 1870 trepidante
1165 1818 1391 1871 columbae,

245 1877 297 1917 Ut
328 1878 427 1916 solet.
458 1879 645 1929 accipiter
676 1877 848 1929 trepidas
881 1877 1303 1949 urguerQlimibas.

246 1935 378 1987 Usque
411 1936 483 1975 sub
516 1936 791 1975 Orchomenon
822 1935 1096 1987 Psophidaque
1128 1935 1391 1987 Cyllenenque

246 1995 533 2046 Maenaliosque
565 1996 675 2034 sinus
706 1994 956 2046 gelidumque
988 1993 1255 2046 Erymanthon
1287 1999 1327 2033 et
1355 1993 1446 2033 Elin

248 2052 416 2092 Currere
450 2055 649 2106 sustinui;
681 2065 755 2092 nec
785 2064 848 2092 me
879 2052 1051 2092 velocior
1080 2053 1169 2092 ille.

157 2119 227 2152 610
248 2111 323 2151 Sed
356 2111 525 2151 tolerare
557 2113 624 2151 diu
657 2124 798 2152 cursus
829 2123 900 2163 ego
919 2143 931 2165 ,
961 2111 1112 2151 viribus.
1142 2113 1280 2165 inpar,

247 2170 332 2209 Non
364 2176 572 2222 poteram:
602 2171 709 2222 longi
739 2171 894 2222 patiens
925 2175 1010 2209 erat
1039 2170 1104 2209 ille
1135 2170 1302 2209 laboris.

246 2229 324 2268 Per
354 2235 482 2268 tamen
516 2235 555 2268 et
587 2241 744 2281 campos
762 2261 773 2282 ‚
804 2241 876 2280 per
907 2234 1066 2281 opertos
1097 2228 1237 2268 arbore
1268 2233 1449 2282 montes,

246 2287 346 2326 Saxa
379 2299 535 2339 quoque
569 2293 608 2326 et
638 2299 757 2339 rupes
789 2294 830 2327 et
860 2299 936 2339 qua
967 2289 1027 2327 via
1059 2286 1164 2326 nulla
1183 2318 1195 2340 ,
1227 2289 1410 2327 cucurri.
