1507 2580
532 98 588 142 ΙΙ,
615 102 820 134 357-430.
977 113 1141 135 cunero
1292 100 1347 141 33

126 207 231 246 Talia
262 207 456 247 dicentem
489 210 744 247 circumstant
775 211 901 247 omnia
936 208 1065 247 Solem

38 273 106 305 395
127 265 322 318 Numina,
354 279 450 305 neve
484 267 574 306 velit
606 267 787 306 tenebras
820 267 1005 306 inducere
1039 267 1182 318 rebus,

127 323 309 376 Supplice
336 337 429 363 voce
462 331 629 376 rogant.
668 327 808 364 missos
841 339 996 377 quoque
1030 326 1203 378 luppiter
1237 328 1346 378 ignes

125 381 324 436 Excusat,
354 383 618 435 precibusque
651 386 775 423 minas
807 385 989 435 regaliter
1021 385 1147 424 addit.

127 440 282 492 Colligit
313 449 487 481 amentes
519 449 559 481 et
590 442 716 481 adhuc
748 449 900 481 terrore
933 450 1117 494 paventes

125 499 308 539 Phoebus
341 513 463 551 equos
481 532 492 554 ,
525 501 760 552 stimuloque
794 501 928 540 dolens
950 509 988 540 et
1014 502 1176 541 verbere
1205 504 1347 555 saevit3

37 564 106 597 400
127 557 286 612 Saevit,
318 571 430 598 erum
462 566 674 610 natumque
707 559 876 599 obiectat
907 566 946 599 et
976 562 1130 612 inputat
1160 561 1258 600 illiS.

183 618 231 655 At
263 624 373 669 pater
404 620 651 669 omnipotens
682 619 852 669 ingentia
886 620 1037 657 moenia
1070 619 1165 658 caeli

127 675 304 729 Circuit,
337 683 376 715 et
407 689 455 715 ne
488 677 580 727 quid
613 676 846 716 labefactum
873 677 1020 716 viribus
1053 679 1152 729 ignis

126 733 293 774 Corruat
311 767 322 788 ,
353 735 557 786 explorat.
596 747 694 786 quae
726 742 932 787 postquam
965 736 1074 774 firma
1108 737 1246 787 suique

125 791 292 832 Roboris
325 806 410 832 esse
443 794 575 846 videt,
607 800 733 833 terras
765 794 1044 845 hominumque
1077 794 1230 834 labores

38 858 105 889 405
127 850 320 903 Perspicit
339 883 347 891 .
385 853 570 891 Arcadiae
604 859 733 891 tamen
765 860 826 891 est
857 855 1057 904 inpensior
1088 853 1142 892 illi

127 907 228 948 Cura
260 922 353 949 suae
375 942 383 950 .
422 911 550 950 sontes
583 917 621 949 et
652 911 825 950 nondum
858 912 1040 950 audentia
1072 910 1147 950 labi

125 967 302 1007 Flumina
333 970 536 1022 restituit,
569 969 633 1008 dat
664 975 792 1008 terrae
826 972 1028 1022 gramina,
1060 969 1219 1008 frondes

125 1026 370 1080 Arboribus,
402 1028 604 1078 laesasque
636 1027 745 1067 iubet
774 1029 1016 1067 revirescere
1050 1027 1187 1067 silvas.

127 1084 225 1124 Dum
259 1086 361 1125 redit
392 1088 500 1137 itque
533 1087 749 1139 frequens,
781 1089 820 1125 in
853 1088 1002 1138 virgine
1034 1086 1253 1125 Nonacrina

38 1150 106 1181 410
127 1142 289 1196 Haesit,
322 1151 361 1183 et
392 1146 543 1196 accepti
576 1145 730 1183 caluere
763 1144 835 1184 sub
869 1145 1023 1183 ossibus
1055 1147 1188 1196 ignes.

126 1202 211 1241 Non
244 1208 329 1241 erat
359 1203 476 1242 huius
509 1215 607 1254 opus
639 1203 764 1242 lanam
791 1203 942 1242 mollire
969 1203 1158 1242 trahendo

126 1260 208 1300 Nec
238 1263 369 1312 positu
402 1263 550 1300 variare
583 1273 741 1300 comas.
780 1261 847 1300 ubi
879 1261 995 1300 fibula
1028 1267 1199 1314 vestem,

125 1318 227 1358 Vitta
260 1323 490 1359 coercuerat
515 1319 715 1371 neglectos
747 1318 832 1358 alba
865 1320 1047 1372 capillos,

126 1377 176 1417 Et
195 1377 309 1416 modo
335 1378 419 1417 leve
439 1390 556 1417 manu
583 1377 752 1417 iaculum
771 1410 782 1431 ‚
813 1379 928 1417 modo
950 1385 1172 1430 sumpserat
1191 1391 1346 1431 arcum,

38 1442 106 1473 415
126 1435 236 1475 Miles
268 1442 352 1475 erat
382 1436 560 1476 Phoebes
581 1467 589 1476 .
628 1449 701 1476 nec
732 1436 933 1476 Maenalon
966 1438 1094 1488 attigit
1126 1436 1200 1475 ulla

127 1494 282 1534 Gratior
312 1495 385 1534 hac
416 1495 570 1534 Triviae
590 1526 599 1535 .
637 1495 704 1534 sed
738 1494 841 1534 nulla
872 1497 1047 1547 potentia
1078 1495 1191 1546 longa
1224 1502 1305 1536 est.

125 1552 298 1592 Ulterius
330 1553 458 1593 medio
491 1555 659 1605 spatium
691 1553 749 1592 sol
781 1554 880 1593 altus
906 1553 1095 1606 habebat,

127 1611 224 1651 Cum
257 1611 364 1652 subit
393 1612 457 1651 illa
489 1625 627 1652 nemus
646 1643 658 1665 ‚
690 1612 793 1663 quod
826 1612 930 1651 nulla
963 1612 1160 1652 ceciderat
1190 1618 1318 1653 aetas.

126 1669 245 1710 Exuit
275 1670 338 1710 hic
370 1683 507 1710 umero
538 1671 762 1722 pharetram
793 1671 998 1722 lentosque
1031 1671 1202 1710 retendit

38 1734 107 1767 420
127 1731 252 1768 Arcus
270 1760 281 1782 ‚
306 1731 426 1781 inque
457 1729 539 1768 solo
559 1761 570 1782 ,
603 1729 707 1780 quod
738 1736 890 1768 texerat
922 1729 1041 1768 herba
1060 1760 1071 1781 ,
1103 1729 1253 1768 iacebat

126 1787 177 1826 Et
206 1789 351 1839 pictam
382 1789 508 1840 posita
539 1788 762 1840 pharetram
795 1790 946 1826 cervice
979 1787 1204 1839 premebat.

128 1845 304 1898 Iuppiter
335 1852 380 1886 ut
410 1846 506 1885 vidit
537 1847 679 1885 fessam
712 1853 751 1886 et
783 1847 945 1886 custode
977 1852 1201 1898 vacantem,

127 1901 226 1944 ‘Hoc
257 1911 364 1944 certe
397 1905 546 1944 furtum
578 1906 749 1944 coniunx
781 1917 864 1943 mea
898 1906 1048 1944 nesciet
1065 1901 1092 1957 ,²
1124 1906 1252 1955 inquit

128 1960 220 2002 ‘Aut
249 1964 283 2002 si
314 1964 522 2016 rescierit,
555 1985 610 1991 —
642 1969 735 2003 sunt
766 1975 787 2001 o
820 1969 912 2002 sunt
942 1964 1067 2014 iurgia
1099 1965 1196 2002 tanti
1211 1960 1235 2002 .'

39 2026 107 2057 425
127 2021 314 2061 Protinus
344 2022 522 2061 induitur
554 2023 690 2061 faciem
724 2021 952 2073 cultumque
984 2021 1127 2060 Dianae

127 2080 253 2132 Atque
286 2081 339 2120 ait
371 2077 409 2119 ‘o
442 2082 627 2120 comitum
647 2112 658 2133 ,
690 2082 797 2131 virgo
817 2111 828 2133 ‚
859 2092 949 2132 pars
980 2092 1058 2119 una
1089 2092 1289 2134 mearum,

126 2138 169 2178 In
203 2138 346 2190 quibus
378 2150 420 2178 es
452 2145 586 2178 venata
619 2139 720 2189 iugis
740 2135 776 2177 ‘P’
809 2139 855 2178 de
889 2140 1060 2190 caespite
1092 2140 1199 2190 virgo

129 2197 177 2237 Se
210 2197 311 2236 levat
341 2202 380 2236 et
412 2193 530 2236 ‘salve
562 2209 738 2249 numen,
770 2209 831 2236 me
864 2198 991 2237 iudice
1010 2194 1037 2251 ,'
1070 2197 1166 2236 dixit

128 2252 283 2295 ‘Audiat
313 2257 396 2307 ipse
428 2256 519 2294 licet
537 2287 548 2308 ‚
580 2257 704 2294 maius
737 2255 823 2295 love
845 2253 869 2294 .'
907 2256 1010 2295 ridet
1041 2261 1081 2295 et
1112 2255 1242 2309 audit,

39 2321 107 2354 430
127 2313 176 2353 Et
207 2313 281 2354 sibi
312 2314 503 2366 praeferri
535 2326 576 2353 se
609 2313 751 2366 gaudet
783 2321 822 2354 et
853 2315 985 2354 oscula
1017 2316 1144 2366 iungit

80 2386 194 2414 ovm,
213 2387 264 2413 11.
1045 2384 1064 2415 3
