<?xml version="1.0" encoding="UTF-8"?>
<!DOCTYPE html PUBLIC "-//W3C//DTD XHTML 1.0 Transitional//EN"
    "http://www.w3.org/TR/xhtml1/DTD/xhtml1-transitional.dtd">
<html xmlns="http://www.w3.org/1999/xhtml" xml:lang="en" lang="en">
 <head>
  <title>
</title>
<meta http-equiv="Content-Type" content="text/html;charset=utf-8" />
  <meta name='ocr-system' content='tesseract 3.04.00' />
  <meta name='ocr-capabilities' content='ocr_page ocr_carea ocr_par ocr_line ocrx_word'/>
</head>
<body>
  <div class='ocr_page' id='page_1' title='image "./ovidopera02oviduoft_0373.png"; bbox 0 0 1527 2580; ppageno 0'>
   <div class='ocr_carea' id='block_1_1' title="bbox 0 537 55 2580">
    <p class='ocr_par' dir='ltr' id='par_1_1' title="bbox 0 537 55 2580">
     <span class='ocr_line' id='line_1_1' title="bbox 0 537 55 2580; baseline 0 0"><span class='ocrx_word' id='word_1_1' title='bbox 0 537 55 2580; x_wconf 95' lang='lat' dir='ltr'> </span> 
     </span>
    </p>
   </div>
   <div class='ocr_carea' id='block_1_2' title="bbox 606 125 1438 170">
    <p class='ocr_par' dir='ltr' id='par_1_2' title="bbox 606 125 1438 170">
     <span class='ocr_line' id='line_1_2' title="bbox 606 125 1438 170; baseline 0 -9"><span class='ocrx_word' id='word_1_2' title='bbox 606 126 673 161; x_wconf 81' lang='lat' dir='ltr'>XV</span> <span class='ocrx_word' id='word_1_3' title='bbox 687 154 696 170; x_wconf 92' lang='lat'>‚</span> <span class='ocrx_word' id='word_1_4' title='bbox 723 130 907 162; x_wconf 78' lang='lat'><strong>519—592</strong></span> <span class='ocrx_word' id='word_1_5' title='bbox 923 154 930 162; x_wconf 89' lang='lat'><strong>.</strong></span> <span class='ocrx_word' id='word_1_6' title='bbox 1016 139 1127 161; x_wconf 72' lang='lat' dir='ltr'>‘rAut-:s</span> <span class='ocrx_word' id='word_1_7' title='bbox 1142 153 1150 161; x_wconf 89' lang='lat'>.</span> <span class='ocrx_word' id='word_1_8' title='bbox 1176 139 1274 161; x_wconf 67' lang='lat' dir='ltr'>effus</span> <span class='ocrx_word' id='word_1_9' title='bbox 1359 125 1438 166; x_wconf 82' lang='lat'>321</span> 
     </span>
    </p>
   </div>
   <div class='ocr_carea' id='block_1_3' title="bbox 130 236 1441 2447">
    <p class='ocr_par' dir='ltr' id='par_1_3' title="bbox 218 236 1403 347">
     <span class='ocr_line' id='line_1_3' title="bbox 219 236 1403 289; baseline -0.003 -13"><span class='ocrx_word' id='word_1_10' title='bbox 219 238 382 276; x_wconf 81' lang='lat' dir='ltr'>Sumere</span> <span class='ocrx_word' id='word_1_11' title='bbox 415 248 503 276; x_wconf 80' lang='lat' dir='ltr'>mox</span> <span class='ocrx_word' id='word_1_12' title='bbox 535 236 705 275; x_wconf 88' lang='lat' dir='ltr'>hominis</span> <span class='ocrx_word' id='word_1_13' title='bbox 725 268 736 289; x_wconf 88' lang='lat'><em>,</em></span> <span class='ocrx_word' id='word_1_14' title='bbox 768 242 975 288; x_wconf 78' lang='lat' dir='ltr'>terraeque</span> <span class='ocrx_word' id='word_1_15' title='bbox 1008 237 1186 275; x_wconf 88' lang='lat' dir='ltr'>amittere</span> <span class='ocrx_word' id='word_1_16' title='bbox 1220 237 1403 285; x_wconf 82' lang='lat' dir='ltr'>formam,</span> 
     </span>
     <span class='ocr_line' id='line_1_4' title="bbox 218 295 1119 347; baseline -0.001 -12"><span class='ocrx_word' id='word_1_17' title='bbox 218 295 375 347; x_wconf 83' lang='lat' dir='ltr'>Oraque</span> <span class='ocrx_word' id='word_1_18' title='bbox 407 297 583 334; x_wconf 88' lang='lat' dir='ltr'>venturis</span> <span class='ocrx_word' id='word_1_19' title='bbox 615 297 768 347; x_wconf 88' lang='lat' dir='ltr'>aperire</span> <span class='ocrx_word' id='word_1_20' title='bbox 801 297 974 334; x_wconf 81' lang='lat' dir='ltr'>recentia</span> <span class='ocrx_word' id='word_1_21' title='bbox 1009 296 1119 334; x_wconf 82' lang='lat' dir='ltr'>satis:</span> 
     </span>
    </p>

    <p class='ocr_par' dir='ltr' id='par_1_4' title="bbox 218 353 1305 464">
     <span class='ocr_line' id='line_1_5' title="bbox 219 353 1305 406; baseline -0.003 -12"><span class='ocrx_word' id='word_1_22' title='bbox 219 354 427 406; x_wconf 83' lang='lat' dir='ltr'>Indigenae</span> <span class='ocrx_word' id='word_1_23' title='bbox 458 353 592 393; x_wconf 82' lang='lat' dir='ltr'>dixere</span> <span class='ocrx_word' id='word_1_24' title='bbox 625 353 787 406; x_wconf 86' lang='lat' dir='ltr'>Tagen,</span> <span class='ocrx_word' id='word_1_25' title='bbox 819 357 885 406; x_wconf 93' lang='lat' dir='ltr'>qui</span> <span class='ocrx_word' id='word_1_26' title='bbox 917 356 1067 406; x_wconf 89' lang='lat' dir='ltr'>primus</span> <span class='ocrx_word' id='word_1_27' title='bbox 1101 353 1305 392; x_wconf 83' lang='lat' dir='ltr'>Etruscam</span> 
     </span>
     <span class='ocr_line' id='line_1_6' title="bbox 218 413 1200 464; baseline 0 -12"><span class='ocrx_word' id='word_1_28' title='bbox 218 413 384 452; x_wconf 91' lang='lat' dir='ltr'>Edocuit</span> <span class='ocrx_word' id='word_1_29' title='bbox 415 418 571 463; x_wconf 85' lang='lat' dir='ltr'>gentem</span> <span class='ocrx_word' id='word_1_30' title='bbox 604 425 718 451; x_wconf 86' lang='lat' dir='ltr'>casus</span> <span class='ocrx_word' id='word_1_31' title='bbox 749 415 902 464; x_wconf 85' lang='lat' dir='ltr'>aperire</span> <span class='ocrx_word' id='word_1_32' title='bbox 936 414 1113 452; x_wconf 74' lang='lat' dir='ltr'>futuros:</span> <span class='ocrx_word' id='word_1_33' title='bbox 1145 434 1200 440; x_wconf 90' lang='lat'>—</span> 
     </span>
    </p>

    <p class='ocr_par' dir='ltr' id='par_1_5' title="bbox 131 471 1440 758">
     <span class='ocr_line' id='line_1_7' title="bbox 131 471 1114 511; baseline 0 -1"><span class='ocrx_word' id='word_1_34' title='bbox 131 479 198 511; x_wconf 83' lang='grc'>560</span> <span class='ocrx_word' id='word_1_35' title='bbox 219 471 315 511; x_wconf 87' lang='lat' dir='ltr'>Utve</span> <span class='ocrx_word' id='word_1_36' title='bbox 348 471 531 510; x_wconf 80' lang='lat' dir='ltr'>Palatinis</span> <span class='ocrx_word' id='word_1_37' title='bbox 564 471 791 510; x_wconf 86' lang='lat' dir='ltr'>haerentem</span> <span class='ocrx_word' id='word_1_38' title='bbox 824 471 989 510; x_wconf 91' lang='lat' dir='ltr'>collibus</span> <span class='ocrx_word' id='word_1_39' title='bbox 1021 471 1114 510; x_wconf 91' lang='lat' dir='ltr'>olim</span> 
     </span>
     <span class='ocr_line' id='line_1_8' title="bbox 219 529 1316 582; baseline -0.001 -13"><span class='ocrx_word' id='word_1_40' title='bbox 219 530 317 570; x_wconf 91' lang='lat' dir='ltr'>Cum</span> <span class='ocrx_word' id='word_1_41' title='bbox 349 529 476 569; x_wconf 88' lang='lat' dir='ltr'>subito</span> <span class='ocrx_word' id='word_1_42' title='bbox 510 530 606 570; x_wconf 89' lang='lat' dir='ltr'>vidit</span> <span class='ocrx_word' id='word_1_43' title='bbox 637 530 888 569; x_wconf 79' lang='lat' dir='ltr'>frondescere</span> <span class='ocrx_word' id='word_1_44' title='bbox 922 530 1110 569; x_wconf 83' lang='lat' dir='ltr'>Romulus</span> <span class='ocrx_word' id='word_1_45' title='bbox 1144 530 1316 582; x_wconf 81' lang='lat' dir='ltr'>hastam,</span> 
     </span>
     <span class='ocr_line' id='line_1_9' title="bbox 219 588 1440 641; baseline -0.001 -13"><span class='ocrx_word' id='word_1_46' title='bbox 219 589 326 635; x_wconf 88' lang='lat' dir='ltr'>Quae</span> <span class='ocrx_word' id='word_1_47' title='bbox 360 589 489 628; x_wconf 85' lang='lat' dir='ltr'>radice</span> <span class='ocrx_word' id='word_1_48' title='bbox 521 600 648 640; x_wconf 89' lang='lat' dir='ltr'>nova,</span> <span class='ocrx_word' id='word_1_49' title='bbox 681 600 758 627; x_wconf 92' lang='lat' dir='ltr'>non</span> <span class='ocrx_word' id='word_1_50' title='bbox 791 590 896 628; x_wconf 79' lang='lat' dir='ltr'>ferro</span> <span class='ocrx_word' id='word_1_51' title='bbox 929 589 1056 628; x_wconf 89' lang='lat' dir='ltr'>stabat</span> <span class='ocrx_word' id='word_1_52' title='bbox 1087 588 1246 641; x_wconf 85' lang='lat' dir='ltr'>adacto,</span> <span class='ocrx_word' id='word_1_53' title='bbox 1301 596 1327 622; x_wconf 71' lang='lat' dir='ltr'>r.</span> <span class='ocrx_word' id='word_1_54' title='bbox 1347 603 1440 623; x_wconf 70' lang='lat' dir='ltr'>ccxv.</span> 
     </span>
     <span class='ocr_line' id='line_1_10' title="bbox 219 646 1225 699; baseline -0.001 -12"><span class='ocrx_word' id='word_1_55' title='bbox 219 647 270 687; x_wconf 88' lang='lat' dir='ltr'>Et</span> <span class='ocrx_word' id='word_1_56' title='bbox 299 650 374 687; x_wconf 91' lang='lat' dir='ltr'>iam</span> <span class='ocrx_word' id='word_1_57' title='bbox 407 659 486 686; x_wconf 92' lang='lat' dir='ltr'>non</span> <span class='ocrx_word' id='word_1_58' title='bbox 518 646 639 686; x_wconf 88' lang='lat' dir='ltr'>telum</span> <span class='ocrx_word' id='word_1_59' title='bbox 658 679 668 699; x_wconf 89' lang='lat'>,</span> <span class='ocrx_word' id='word_1_60' title='bbox 702 648 770 687; x_wconf 89' lang='lat' dir='ltr'>sed</span> <span class='ocrx_word' id='word_1_61' title='bbox 796 648 891 687; x_wconf 89' lang='lat' dir='ltr'>lenti</span> <span class='ocrx_word' id='word_1_62' title='bbox 922 650 1076 686; x_wconf 83' lang='lat' dir='ltr'>viminis</span> <span class='ocrx_word' id='word_1_63' title='bbox 1109 647 1225 686; x_wconf 88' lang='lat' dir='ltr'>arbor</span> 
     </span>
     <span class='ocr_line' id='line_1_11' title="bbox 218 705 1323 758; baseline 0 -13"><span class='ocrx_word' id='word_1_64' title='bbox 218 705 305 745; x_wconf 90' lang='lat' dir='ltr'>Non</span> <span class='ocrx_word' id='word_1_65' title='bbox 336 711 560 758; x_wconf 81' lang='lat' dir='ltr'>expectatas</span> <span class='ocrx_word' id='word_1_66' title='bbox 592 706 707 745; x_wconf 89' lang='lat' dir='ltr'>dabat</span> <span class='ocrx_word' id='word_1_67' title='bbox 738 706 1020 745; x_wconf 84' lang='lat' dir='ltr'>admirantibus</span> <span class='ocrx_word' id='word_1_68' title='bbox 1053 706 1235 745; x_wconf 86' lang='lat' dir='ltr'>umbras:</span> <span class='ocrx_word' id='word_1_69' title='bbox 1268 727 1323 733; x_wconf 90' lang='lat'>-—</span> 
     </span>
    </p>

    <p class='ocr_par' dir='ltr' id='par_1_6' title="bbox 131 764 1439 1052">
     <span class='ocr_line' id='line_1_12' title="bbox 131 764 1439 817; baseline 0 -14"><span class='ocrx_word' id='word_1_70' title='bbox 131 773 198 803; x_wconf 85' lang='grc'>565</span> <span class='ocrx_word' id='word_1_71' title='bbox 218 769 296 804; x_wconf 83' lang='lat' dir='ltr'>Aut</span> <span class='ocrx_word' id='word_1_72' title='bbox 326 776 396 803; x_wconf 91' lang='lat' dir='ltr'>sua</span> <span class='ocrx_word' id='word_1_73' title='bbox 427 764 611 804; x_wconf 85' lang='lat' dir='ltr'>fluminea</span> <span class='ocrx_word' id='word_1_74' title='bbox 642 777 732 804; x_wconf 88' lang='lat' dir='ltr'>cum</span> <span class='ocrx_word' id='word_1_75' title='bbox 763 765 859 804; x_wconf 90' lang='lat' dir='ltr'>vidit</span> <span class='ocrx_word' id='word_1_76' title='bbox 890 764 1009 817; x_wconf 87' lang='lat' dir='ltr'>Cipus</span> <span class='ocrx_word' id='word_1_77' title='bbox 1041 767 1081 804; x_wconf 93' lang='lat' dir='ltr'>in</span> <span class='ocrx_word' id='word_1_78' title='bbox 1114 765 1216 804; x_wconf 87' lang='lat' dir='ltr'>unda</span> <span class='ocrx_word' id='word_1_79' title='bbox 1293 772 1316 799; x_wconf 71' lang='lat' dir='ltr'>t·</span> <span class='ocrx_word' id='word_1_80' title='bbox 1340 772 1439 798; x_wconf 76' lang='lat' dir='ltr'>ccxvi-</span> 
     </span>
     <span class='ocr_line' id='line_1_13' title="bbox 218 823 1417 877; baseline -0.001 -15"><span class='ocrx_word' id='word_1_81' title='bbox 218 823 373 863; x_wconf 76' lang='lat' dir='ltr'>Cornua</span> <span class='ocrx_word' id='word_1_82' title='bbox 394 855 402 862; x_wconf 95' lang='lat'><strong><em>.</em></strong></span> <span class='ocrx_word' id='word_1_83' title='bbox 442 823 536 862; x_wconf 89' lang='lat' dir='ltr'>vidit</span> <span class='ocrx_word' id='word_1_84' title='bbox 568 825 672 863; x_wconf 88' lang='lat' dir='ltr'>enim</span> <span class='ocrx_word' id='word_1_85' title='bbox 690 855 702 877; x_wconf 84' lang='lat'><em>‚</em></span> <span class='ocrx_word' id='word_1_86' title='bbox 734 823 947 876; x_wconf 80' lang='lat' dir='ltr'>falsamque</span> <span class='ocrx_word' id='word_1_87' title='bbox 980 825 1019 863; x_wconf 87' lang='lat' dir='ltr'>in</span> <span class='ocrx_word' id='word_1_88' title='bbox 1052 825 1219 875; x_wconf 80' lang='lat' dir='ltr'>imagine</span> <span class='ocrx_word' id='word_1_89' title='bbox 1252 823 1417 862; x_wconf 89' lang='lat' dir='ltr'>credens</span> 
     </span>
     <span class='ocr_line' id='line_1_14' title="bbox 218 882 1248 934; baseline 0 -13"><span class='ocrx_word' id='word_1_90' title='bbox 218 882 314 921; x_wconf 87' lang='lat' dir='ltr'>Esse</span> <span class='ocrx_word' id='word_1_91' title='bbox 347 882 462 921; x_wconf 84' lang='lat' dir='ltr'>fidem</span> <span class='ocrx_word' id='word_1_92' title='bbox 481 914 492 933; x_wconf 94' lang='lat'>,</span> <span class='ocrx_word' id='word_1_93' title='bbox 523 882 654 933; x_wconf 85' lang='lat' dir='ltr'>digitis</span> <span class='ocrx_word' id='word_1_94' title='bbox 687 882 734 921; x_wconf 93' lang='lat' dir='ltr'>ad</span> <span class='ocrx_word' id='word_1_95' title='bbox 766 883 935 922; x_wconf 87' lang='lat' dir='ltr'>frontem</span> <span class='ocrx_word' id='word_1_96' title='bbox 967 895 1082 934; x_wconf 86' lang='lat' dir='ltr'>saepe</span> <span class='ocrx_word' id='word_1_97' title='bbox 1115 883 1248 921; x_wconf 88' lang='lat' dir='ltr'>relatis</span> 
     </span>
     <span class='ocr_line' id='line_1_15' title="bbox 219 941 1381 993; baseline -0.001 -13"><span class='ocrx_word' id='word_1_98' title='bbox 219 941 326 988; x_wconf 85' lang='lat' dir='ltr'>Quae</span> <span class='ocrx_word' id='word_1_99' title='bbox 357 941 481 993; x_wconf 85' lang='lat' dir='ltr'>vidit,</span> <span class='ocrx_word' id='word_1_100' title='bbox 513 943 669 993; x_wconf 82' lang='lat' dir='ltr'>tetigit3</span> <span class='ocrx_word' id='word_1_101' title='bbox 701 953 774 980; x_wconf 87' lang='lat' dir='ltr'>nec</span> <span class='ocrx_word' id='word_1_102' title='bbox 806 943 882 980; x_wconf 90' lang='lat' dir='ltr'>iam</span> <span class='ocrx_word' id='word_1_103' title='bbox 914 954 984 980; x_wconf 89' lang='lat' dir='ltr'>sua</span> <span class='ocrx_word' id='word_1_104' title='bbox 1016 941 1162 980; x_wconf 91' lang='lat' dir='ltr'>lumina</span> <span class='ocrx_word' id='word_1_105' title='bbox 1195 941 1381 979; x_wconf 90' lang='lat' dir='ltr'>damnans</span> 
     </span>
     <span class='ocr_line' id='line_1_16' title="bbox 218 999 1272 1052; baseline 0 -14"><span class='ocrx_word' id='word_1_106' title='bbox 218 999 406 1052; x_wconf 84' lang='lat' dir='ltr'>Restitit,</span> <span class='ocrx_word' id='word_1_107' title='bbox 438 1006 482 1038; x_wconf 86' lang='lat' dir='ltr'>ut</span> <span class='ocrx_word' id='word_1_108' title='bbox 512 1001 637 1039; x_wconf 90' lang='lat' dir='ltr'>victor</span> <span class='ocrx_word' id='word_1_109' title='bbox 668 999 813 1039; x_wconf 88' lang='lat' dir='ltr'>domito</span> <span class='ocrx_word' id='word_1_110' title='bbox 846 1000 1026 1040; x_wconf 87' lang='lat' dir='ltr'>veniebat</span> <span class='ocrx_word' id='word_1_111' title='bbox 1056 1000 1104 1038; x_wconf 93' lang='lat' dir='ltr'>ab</span> <span class='ocrx_word' id='word_1_112' title='bbox 1136 1000 1272 1052; x_wconf 87' lang='lat' dir='ltr'>hoste,</span> 
     </span>
    </p>

    <p class='ocr_par' dir='ltr' id='par_1_7' title="bbox 130 1057 1419 1286">
     <span class='ocr_line' id='line_1_17' title="bbox 130 1057 1330 1109; baseline 0.001 -13"><span class='ocrx_word' id='word_1_113' title='bbox 130 1065 198 1097; x_wconf 85' lang='grc'>570</span> <span class='ocrx_word' id='word_1_114' title='bbox 217 1058 276 1098; x_wconf 79' lang='lat' dir='ltr'>Ad</span> <span class='ocrx_word' id='word_1_115' title='bbox 307 1057 537 1109; x_wconf 87' lang='lat' dir='ltr'>caelumque</span> <span class='ocrx_word' id='word_1_116' title='bbox 569 1058 704 1097; x_wconf 89' lang='lat' dir='ltr'>oculos</span> <span class='ocrx_word' id='word_1_117' title='bbox 736 1064 777 1098; x_wconf 89' lang='lat' dir='ltr'>et</span> <span class='ocrx_word' id='word_1_118' title='bbox 806 1059 945 1098; x_wconf 90' lang='lat' dir='ltr'>eodem</span> <span class='ocrx_word' id='word_1_119' title='bbox 976 1058 1158 1097; x_wconf 88' lang='lat' dir='ltr'>bracchia</span> <span class='ocrx_word' id='word_1_120' title='bbox 1190 1058 1330 1097; x_wconf 82' lang='lat' dir='ltr'>tollens</span> 
     </span>
     <span class='ocr_line' id='line_1_18' title="bbox 219 1113 1389 1169; baseline 0 -14"><span class='ocrx_word' id='word_1_121' title='bbox 219 1114 430 1167; x_wconf 77' lang='lat' dir='ltr'>‘Quicquid</span> <span class='ocrx_word' id='word_1_122' title='bbox 448 1113 474 1168; x_wconf 90' lang='lat'>,&#39;</span> <span class='ocrx_word' id='word_1_123' title='bbox 506 1118 560 1156; x_wconf 87' lang='lat' dir='ltr'>ait</span> <span class='ocrx_word' id='word_1_124' title='bbox 591 1114 770 1169; x_wconf 77' lang='lat' dir='ltr'>‘superi,</span> <span class='ocrx_word' id='word_1_125' title='bbox 801 1123 978 1156; x_wconf 89' lang='lat' dir='ltr'>monstro</span> <span class='ocrx_word' id='word_1_126' title='bbox 1010 1118 1259 1168; x_wconf 86' lang='lat' dir='ltr'>portenditur</span> <span class='ocrx_word' id='word_1_127' title='bbox 1290 1118 1389 1167; x_wconf 87' lang='lat' dir='ltr'>isto,</span> 
     </span>
     <span class='ocr_line' id='line_1_19' title="bbox 220 1175 1419 1227; baseline -0.001 -13"><span class='ocrx_word' id='word_1_128' title='bbox 220 1175 299 1214; x_wconf 90' lang='lat' dir='ltr'>Seu</span> <span class='ocrx_word' id='word_1_129' title='bbox 330 1175 476 1214; x_wconf 88' lang='lat' dir='ltr'>laetum</span> <span class='ocrx_word' id='word_1_130' title='bbox 507 1181 596 1227; x_wconf 88' lang='lat' dir='ltr'>est,</span> <span class='ocrx_word' id='word_1_131' title='bbox 628 1176 776 1227; x_wconf 88' lang='lat' dir='ltr'>patriae</span> <span class='ocrx_word' id='word_1_132' title='bbox 809 1175 952 1215; x_wconf 87' lang='lat' dir='ltr'>laetum</span> <span class='ocrx_word' id='word_1_133' title='bbox 984 1175 1208 1227; x_wconf 82' lang='lat' dir='ltr'>populoque</span> <span class='ocrx_word' id='word_1_134' title='bbox 1240 1175 1419 1227; x_wconf 82' lang='lat' dir='ltr'>Quirini;</span> 
     </span>
     <span class='ocr_line' id='line_1_20' title="bbox 220 1230 1390 1286; baseline -0.002 -13"><span class='ocrx_word' id='word_1_135' title='bbox 220 1234 309 1273; x_wconf 90' lang='lat' dir='ltr'>Sive</span> <span class='ocrx_word' id='word_1_136' title='bbox 341 1235 470 1273; x_wconf 82' lang='lat' dir='ltr'>minax</span> <span class='ocrx_word' id='word_1_137' title='bbox 489 1264 502 1285; x_wconf 88' lang='lat'>,</span> <span class='ocrx_word' id='word_1_138' title='bbox 533 1233 628 1272; x_wconf 91' lang='lat' dir='ltr'>mihi</span> <span class='ocrx_word' id='word_1_139' title='bbox 659 1235 711 1273; x_wconf 88' lang='lat' dir='ltr'>sit</span> <span class='ocrx_word' id='word_1_140' title='bbox 730 1230 755 1273; x_wconf 90' lang='lat'>.&#39;</span> <span class='ocrx_word' id='word_1_141' title='bbox 788 1234 979 1285; x_wconf 87' lang='lat' dir='ltr'>viridique</span> <span class='ocrx_word' id='word_1_142' title='bbox 1012 1246 1033 1273; x_wconf 89' lang='lat' dir='ltr'>e</span> <span class='ocrx_word' id='word_1_143' title='bbox 1067 1235 1236 1286; x_wconf 88' lang='lat' dir='ltr'>caespite</span> <span class='ocrx_word' id='word_1_144' title='bbox 1269 1234 1390 1273; x_wconf 84' lang='lat' dir='ltr'>factas</span> 
     </span>
    </p>

    <p class='ocr_par' dir='ltr' id='par_1_8' title="bbox 143 1292 1101 1344">
     <span class='ocr_line' id='line_1_21' title="bbox 143 1292 1101 1344; baseline 0 -13"><span class='ocrx_word' id='word_1_145' title='bbox 143 1313 198 1319; x_wconf 95' lang='lat'><strong>—</strong></span> <span class='ocrx_word' id='word_1_146' title='bbox 219 1292 350 1332; x_wconf 86' lang='lat' dir='ltr'>Placat</span> <span class='ocrx_word' id='word_1_147' title='bbox 380 1292 553 1332; x_wconf 88' lang='lat' dir='ltr'>odoratis</span> <span class='ocrx_word' id='word_1_148' title='bbox 585 1292 772 1332; x_wconf 88' lang='lat' dir='ltr'>herbosas</span> <span class='ocrx_word' id='word_1_149' title='bbox 803 1293 959 1344; x_wconf 86' lang='lat' dir='ltr'>ignibus</span> <span class='ocrx_word' id='word_1_150' title='bbox 991 1305 1101 1344; x_wconf 87' lang='lat' dir='ltr'>aras,</span> 
     </span>
    </p>

    <p class='ocr_par' dir='ltr' id='par_1_9' title="bbox 131 1350 1324 1579">
     <span class='ocr_line' id='line_1_22' title="bbox 131 1350 1323 1404; baseline 0.001 -15"><span class='ocrx_word' id='word_1_151' title='bbox 131 1358 199 1390; x_wconf 78' lang='lat'>575</span> <span class='ocrx_word' id='word_1_152' title='bbox 219 1350 394 1402; x_wconf 90' lang='lat' dir='ltr'>Vinaque</span> <span class='ocrx_word' id='word_1_153' title='bbox 426 1350 491 1390; x_wconf 88' lang='lat' dir='ltr'>dat</span> <span class='ocrx_word' id='word_1_154' title='bbox 521 1352 668 1403; x_wconf 86' lang='lat' dir='ltr'>pateris</span> <span class='ocrx_word' id='word_1_155' title='bbox 686 1383 698 1404; x_wconf 90' lang='lat'><em>‚</em></span> <span class='ocrx_word' id='word_1_156' title='bbox 730 1357 1065 1403; x_wconf 87' lang='lat' dir='ltr'>mactatarumque</span> <span class='ocrx_word' id='word_1_157' title='bbox 1097 1350 1323 1402; x_wconf 86' lang='lat' dir='ltr'>bidentum,</span> 
     </span>
     <span class='ocr_line' id='line_1_23' title="bbox 220 1409 1323 1462; baseline -0.001 -13"><span class='ocrx_word' id='word_1_158' title='bbox 220 1409 323 1456; x_wconf 91' lang='lat' dir='ltr'>Quid</span> <span class='ocrx_word' id='word_1_159' title='bbox 355 1409 430 1449; x_wconf 87' lang='lat' dir='ltr'>sibi</span> <span class='ocrx_word' id='word_1_160' title='bbox 462 1410 712 1462; x_wconf 86' lang='lat' dir='ltr'>significent,</span> <span class='ocrx_word' id='word_1_161' title='bbox 745 1410 981 1462; x_wconf 85' lang='lat' dir='ltr'>trepidantia</span> <span class='ocrx_word' id='word_1_162' title='bbox 1013 1410 1182 1449; x_wconf 87' lang='lat' dir='ltr'>consulit</span> <span class='ocrx_word' id='word_1_163' title='bbox 1213 1415 1323 1448; x_wconf 83' lang='lat' dir='ltr'>exta.</span> 
     </span>
     <span class='ocr_line' id='line_1_24' title="bbox 219 1468 1324 1521; baseline -0.001 -14"><span class='ocrx_word' id='word_1_164' title='bbox 219 1468 328 1514; x_wconf 86' lang='lat' dir='ltr'>Quae</span> <span class='ocrx_word' id='word_1_165' title='bbox 360 1468 476 1507; x_wconf 89' lang='lat' dir='ltr'>simul</span> <span class='ocrx_word' id='word_1_166' title='bbox 507 1470 658 1521; x_wconf 83' lang='lat' dir='ltr'>aspexit</span> <span class='ocrx_word' id='word_1_167' title='bbox 687 1468 913 1520; x_wconf 82' lang='lat' dir='ltr'>Tyrrhenae</span> <span class='ocrx_word' id='word_1_168' title='bbox 945 1470 1074 1520; x_wconf 87' lang='lat' dir='ltr'>gentis</span> <span class='ocrx_word' id='word_1_169' title='bbox 1105 1468 1324 1519; x_wconf 86' lang='lat' dir='ltr'>haruspex,</span> 
     </span>
     <span class='ocr_line' id='line_1_25' title="bbox 218 1526 1266 1579; baseline 0 -14"><span class='ocrx_word' id='word_1_170' title='bbox 218 1526 354 1578; x_wconf 88' lang='lat' dir='ltr'>Magna</span> <span class='ocrx_word' id='word_1_171' title='bbox 385 1526 544 1578; x_wconf 85' lang='lat' dir='ltr'>quidem</span> <span class='ocrx_word' id='word_1_172' title='bbox 575 1539 710 1566; x_wconf 89' lang='lat' dir='ltr'>rerum</span> <span class='ocrx_word' id='word_1_173' title='bbox 741 1527 939 1567; x_wconf 87' lang='lat' dir='ltr'>molimina</span> <span class='ocrx_word' id='word_1_174' title='bbox 970 1527 1066 1566; x_wconf 86' lang='lat' dir='ltr'>vidit</span> <span class='ocrx_word' id='word_1_175' title='bbox 1096 1528 1136 1566; x_wconf 93' lang='lat' dir='ltr'>in</span> <span class='ocrx_word' id='word_1_176' title='bbox 1167 1526 1266 1579; x_wconf 85' lang='lat' dir='ltr'>illis,</span> 
     </span>
    </p>

    <p class='ocr_par' dir='ltr' id='par_1_10' title="bbox 219 1584 1295 1625">
     <span class='ocr_line' id='line_1_26' title="bbox 219 1584 1295 1625; baseline -0.001 -1"><span class='ocrx_word' id='word_1_177' title='bbox 219 1584 305 1625; x_wconf 91' lang='lat' dir='ltr'>Non</span> <span class='ocrx_word' id='word_1_178' title='bbox 336 1585 541 1625; x_wconf 80' lang='lat' dir='ltr'>manifesta</span> <span class='ocrx_word' id='word_1_179' title='bbox 571 1591 730 1625; x_wconf 89' lang='lat' dir='ltr'>tamen.</span> <span class='ocrx_word' id='word_1_180' title='bbox 770 1598 860 1625; x_wconf 91' lang='lat' dir='ltr'>cum</span> <span class='ocrx_word' id='word_1_181' title='bbox 891 1597 982 1625; x_wconf 89' lang='lat' dir='ltr'>vero</span> <span class='ocrx_word' id='word_1_182' title='bbox 1015 1585 1176 1625; x_wconf 85' lang='lat' dir='ltr'>sustulit</span> <span class='ocrx_word' id='word_1_183' title='bbox 1206 1597 1295 1623; x_wconf 89' lang='lat' dir='ltr'>acre</span> 
     </span>
    </p>

    <p class='ocr_par' dir='ltr' id='par_1_11' title="bbox 133 1643 1149 1696">
     <span class='ocr_line' id='line_1_27' title="bbox 133 1643 1149 1696; baseline 0 -14"><span class='ocrx_word' id='word_1_184' title='bbox 133 1651 200 1682; x_wconf 89' lang='grc'>580</span> <span class='ocrx_word' id='word_1_185' title='bbox 220 1645 251 1682; x_wconf 84' lang='grc' dir='ltr'><strong>Α</strong></span> <span class='ocrx_word' id='word_1_186' title='bbox 282 1643 446 1695; x_wconf 89' lang='lat' dir='ltr'>pecudis</span> <span class='ocrx_word' id='word_1_187' title='bbox 476 1643 586 1683; x_wconf 86' lang='lat' dir='ltr'>fibris</span> <span class='ocrx_word' id='word_1_188' title='bbox 618 1644 666 1683; x_wconf 93' lang='lat' dir='ltr'>ad</span> <span class='ocrx_word' id='word_1_189' title='bbox 698 1643 783 1696; x_wconf 89' lang='lat' dir='ltr'>Cipi</span> <span class='ocrx_word' id='word_1_190' title='bbox 814 1656 961 1683; x_wconf 83' lang='lat' dir='ltr'>cornua</span> <span class='ocrx_word' id='word_1_191' title='bbox 992 1644 1149 1696; x_wconf 86' lang='lat' dir='ltr'>lumen,</span> 
     </span>
    </p>

    <p class='ocr_par' dir='ltr' id='par_1_12' title="bbox 220 1699 1440 1813">
     <span class='ocr_line' id='line_1_28' title="bbox 221 1699 1440 1755; baseline 0 -14"><span class='ocrx_word' id='word_1_192' title='bbox 221 1700 318 1741; x_wconf 84' lang='lat' dir='ltr'>‘Rex</span> <span class='ocrx_word' id='word_1_193' title='bbox 336 1699 364 1755; x_wconf 86' lang='lat'>‚&#39;</span> <span class='ocrx_word' id='word_1_194' title='bbox 397 1703 450 1741; x_wconf 89' lang='lat' dir='ltr'>ait</span> <span class='ocrx_word' id='word_1_195' title='bbox 481 1699 519 1740; x_wconf 77' lang='lat' dir='ltr'>‘o</span> <span class='ocrx_word' id='word_1_196' title='bbox 557 1701 688 1741; x_wconf 86' lang='lat' dir='ltr'>salve!</span> <span class='ocrx_word' id='word_1_197' title='bbox 721 1702 792 1741; x_wconf 91' lang='lat' dir='ltr'>tibi</span> <span class='ocrx_word' id='word_1_198' title='bbox 829 1704 963 1754; x_wconf 85' lang='lat' dir='ltr'>enim,</span> <span class='ocrx_word' id='word_1_199' title='bbox 994 1702 1066 1741; x_wconf 84' lang='lat' dir='ltr'>tibi</span> <span class='ocrx_word' id='word_1_200' title='bbox 1083 1734 1094 1754; x_wconf 92' lang='lat'><em>‚</em></span> <span class='ocrx_word' id='word_1_201' title='bbox 1128 1701 1221 1753; x_wconf 89' lang='lat' dir='ltr'>Cipe</span> <span class='ocrx_word' id='word_1_202' title='bbox 1240 1733 1252 1754; x_wconf 90' lang='lat'>,</span> <span class='ocrx_word' id='word_1_203' title='bbox 1285 1703 1440 1753; x_wconf 89' lang='lat' dir='ltr'>tuisque</span> 
     </span>
     <span class='ocr_line' id='line_1_29' title="bbox 220 1759 1276 1813; baseline 0 -14"><span class='ocrx_word' id='word_1_204' title='bbox 220 1760 292 1800; x_wconf 74' lang='lat' dir='ltr'>Hic</span> <span class='ocrx_word' id='word_1_205' title='bbox 323 1760 432 1799; x_wconf 92' lang='lat' dir='ltr'>locus</span> <span class='ocrx_word' id='word_1_206' title='bbox 465 1766 504 1800; x_wconf 89' lang='lat' dir='ltr'>et</span> <span class='ocrx_word' id='word_1_207' title='bbox 533 1759 664 1800; x_wconf 85' lang='lat' dir='ltr'>Latiae</span> <span class='ocrx_word' id='word_1_208' title='bbox 696 1761 891 1813; x_wconf 91' lang='lat' dir='ltr'>parebunt</span> <span class='ocrx_word' id='word_1_209' title='bbox 923 1760 1109 1799; x_wconf 87' lang='lat' dir='ltr'>cornibus</span> <span class='ocrx_word' id='word_1_210' title='bbox 1142 1771 1276 1799; x_wconf 90' lang='lat' dir='ltr'>arces.</span> 
     </span>
    </p>

    <p class='ocr_par' dir='ltr' id='par_1_13' title="bbox 219 1819 1440 1930">
     <span class='ocr_line' id='line_1_30' title="bbox 219 1819 1418 1872; baseline -0.001 -14"><span class='ocrx_word' id='word_1_211' title='bbox 219 1819 280 1858; x_wconf 89' lang='lat' dir='ltr'>Tu</span> <span class='ocrx_word' id='word_1_212' title='bbox 312 1819 427 1858; x_wconf 90' lang='lat' dir='ltr'>modo</span> <span class='ocrx_word' id='word_1_213' title='bbox 459 1831 597 1871; x_wconf 90' lang='lat' dir='ltr'>rumpe</span> <span class='ocrx_word' id='word_1_214' title='bbox 630 1832 788 1872; x_wconf 89' lang='lat' dir='ltr'>moras,</span> <span class='ocrx_word' id='word_1_215' title='bbox 818 1825 1030 1871; x_wconf 89' lang='lat' dir='ltr'>portasque</span> <span class='ocrx_word' id='word_1_216' title='bbox 1061 1820 1209 1858; x_wconf 88' lang='lat' dir='ltr'>intrare</span> <span class='ocrx_word' id='word_1_217' title='bbox 1240 1825 1418 1871; x_wconf 87' lang='lat' dir='ltr'>patentes</span> 
     </span>
     <span class='ocr_line' id='line_1_31' title="bbox 219 1876 1440 1930; baseline -0.001 -14"><span class='ocrx_word' id='word_1_218' title='bbox 219 1879 475 1930; x_wconf 83' lang='lat' dir='ltr'>Appropera.</span> <span class='ocrx_word' id='word_1_219' title='bbox 514 1879 570 1917; x_wconf 90' lang='lat' dir='ltr'>sic</span> <span class='ocrx_word' id='word_1_220' title='bbox 602 1878 679 1918; x_wconf 84' lang='lat' dir='ltr'>sata</span> <span class='ocrx_word' id='word_1_221' title='bbox 714 1878 878 1917; x_wconf 87' lang='lat' dir='ltr'>iubent.</span> <span class='ocrx_word' id='word_1_222' title='bbox 918 1889 1084 1929; x_wconf 89' lang='lat' dir='ltr'>namque</span> <span class='ocrx_word' id='word_1_223' title='bbox 1117 1876 1221 1917; x_wconf 89' lang='lat' dir='ltr'>Urbe</span> <span class='ocrx_word' id='word_1_224' title='bbox 1259 1883 1440 1929; x_wconf 83' lang='lat' dir='ltr'>receptus</span> 
     </span>
    </p>

    <p class='ocr_par' dir='ltr' id='par_1_14' title="bbox 133 1932 1231 1988">
     <span class='ocr_line' id='line_1_32' title="bbox 133 1932 1231 1988; baseline 0.001 -13"><span class='ocrx_word' id='word_1_225' title='bbox 133 1943 200 1976; x_wconf 84' lang='grc'>585</span> <span class='ocrx_word' id='word_1_226' title='bbox 220 1937 303 1976; x_wconf 87' lang='lat' dir='ltr'>Rex</span> <span class='ocrx_word' id='word_1_227' title='bbox 334 1938 413 1976; x_wconf 89' lang='lat' dir='ltr'>eris</span> <span class='ocrx_word' id='word_1_228' title='bbox 444 1943 484 1976; x_wconf 89' lang='lat' dir='ltr'>et</span> <span class='ocrx_word' id='word_1_229' title='bbox 514 1943 672 1988; x_wconf 77' lang='lat' dir='ltr'>sceptro</span> <span class='ocrx_word' id='word_1_230' title='bbox 704 1943 812 1976; x_wconf 88' lang='lat' dir='ltr'>tutus</span> <span class='ocrx_word' id='word_1_231' title='bbox 844 1938 994 1988; x_wconf 87' lang='lat' dir='ltr'>potiere</span> <span class='ocrx_word' id='word_1_232' title='bbox 1026 1937 1191 1988; x_wconf 89' lang='lat' dir='ltr'>perenni</span> <span class='ocrx_word' id='word_1_233' title='bbox 1204 1932 1231 1976; x_wconf 90' lang='lat'>.&#39;</span> 
     </span>
    </p>

    <p class='ocr_par' dir='ltr' id='par_1_15' title="bbox 221 1994 1376 2224">
     <span class='ocr_line' id='line_1_33' title="bbox 223 1994 1376 2049; baseline -0.001 -15"><span class='ocrx_word' id='word_1_234' title='bbox 223 1995 387 2035; x_wconf 85' lang='lat' dir='ltr'>Rettulit</span> <span class='ocrx_word' id='word_1_235' title='bbox 416 1995 480 2034; x_wconf 89' lang='lat' dir='ltr'>ille</span> <span class='ocrx_word' id='word_1_236' title='bbox 511 1996 651 2048; x_wconf 86' lang='lat' dir='ltr'>pedem</span> <span class='ocrx_word' id='word_1_237' title='bbox 669 2028 680 2049; x_wconf 88' lang='lat'><em>‚</em></span> <span class='ocrx_word' id='word_1_238' title='bbox 712 2002 939 2047; x_wconf 89' lang='lat' dir='ltr'>torvamque</span> <span class='ocrx_word' id='word_1_239' title='bbox 971 2007 993 2034; x_wconf 90' lang='lat' dir='ltr'>a</span> <span class='ocrx_word' id='word_1_240' title='bbox 1024 1994 1228 2034; x_wconf 89' lang='lat' dir='ltr'>moenibus</span> <span class='ocrx_word' id='word_1_241' title='bbox 1262 1994 1376 2034; x_wconf 88' lang='lat' dir='ltr'>Urbis</span> 
     </span>
     <span class='ocr_line' id='line_1_34' title="bbox 222 2050 1354 2111; baseline 0 -19"><span class='ocrx_word' id='word_1_242' title='bbox 222 2055 411 2093; x_wconf 83' lang='lat' dir='ltr'>Avertens</span> <span class='ocrx_word' id='word_1_243' title='bbox 443 2055 582 2095; x_wconf 83' lang='lat' dir='ltr'>faciem</span> <span class='ocrx_word' id='word_1_244' title='bbox 615 2052 769 2111; x_wconf 76' lang='lat' dir='ltr'>‘procul</span> <span class='ocrx_word' id='word_1_245' title='bbox 787 2086 799 2108; x_wconf 88' lang='lat'><em>,</em></span> <span class='ocrx_word' id='word_1_246' title='bbox 829 2054 879 2093; x_wconf 85' lang='lat' dir='ltr'>a!</span> <span class='ocrx_word' id='word_1_247' title='bbox 911 2053 1050 2106; x_wconf 89' lang='lat' dir='ltr'>procul</span> <span class='ocrx_word' id='word_1_248' title='bbox 1081 2050 1225 2092; x_wconf 88' lang='lat' dir='ltr'>omina’</span> <span class='ocrx_word' id='word_1_249' title='bbox 1258 2053 1354 2092; x_wconf 87' lang='lat' dir='ltr'>dixit</span> 
     </span>
     <span class='ocr_line' id='line_1_35' title="bbox 221 2112 1284 2166; baseline 0 -15"><span class='ocrx_word' id='word_1_250' title='bbox 221 2112 328 2151; x_wconf 85' lang='lat' dir='ltr'>&#39;ralia</span> <span class='ocrx_word' id='word_1_251' title='bbox 359 2113 398 2152; x_wconf 91' lang='lat' dir='ltr'>di</span> <span class='ocrx_word' id='word_1_252' title='bbox 429 2112 603 2166; x_wconf 81' lang='lat' dir='ltr'>pellant3</span> <span class='ocrx_word' id='word_1_253' title='bbox 635 2113 835 2164; x_wconf 88' lang='lat' dir='ltr'>multoque</span> <span class='ocrx_word' id='word_1_254' title='bbox 869 2125 940 2164; x_wconf 91' lang='lat' dir='ltr'>ego</span> <span class='ocrx_word' id='word_1_255' title='bbox 971 2113 1114 2152; x_wconf 88' lang='lat' dir='ltr'>iustius</span> <span class='ocrx_word' id='word_1_256' title='bbox 1146 2123 1284 2151; x_wconf 86' lang='lat' dir='ltr'>aevum</span> 
     </span>
     <span class='ocr_line' id='line_1_36' title="bbox 223 2167 1341 2224; baseline -0.001 -14"><span class='ocrx_word' id='word_1_257' title='bbox 223 2170 322 2210; x_wconf 84' lang='lat' dir='ltr'>Exul</span> <span class='ocrx_word' id='word_1_258' title='bbox 353 2183 491 2224; x_wconf 86' lang='lat' dir='ltr'>agam,</span> <span class='ocrx_word' id='word_1_259' title='bbox 523 2183 640 2222; x_wconf 90' lang='lat' dir='ltr'>quam</span> <span class='ocrx_word' id='word_1_260' title='bbox 671 2184 732 2210; x_wconf 90' lang='lat' dir='ltr'>me</span> <span class='ocrx_word' id='word_1_261' title='bbox 764 2171 920 2210; x_wconf 87' lang='lat' dir='ltr'>videant</span> <span class='ocrx_word' id='word_1_262' title='bbox 951 2170 1137 2222; x_wconf 91' lang='lat' dir='ltr'>Capitolia</span> <span class='ocrx_word' id='word_1_263' title='bbox 1169 2182 1303 2222; x_wconf 84' lang='lat' dir='ltr'>regem</span> <span class='ocrx_word' id='word_1_264' title='bbox 1317 2167 1341 2209; x_wconf 89' lang='lat'>.&#39;</span> 
     </span>
    </p>

    <p class='ocr_par' dir='ltr' id='par_1_16' title="bbox 135 2229 1441 2400">
     <span class='ocr_line' id='line_1_37' title="bbox 135 2229 1441 2283; baseline -0.001 -15"><span class='ocrx_word' id='word_1_265' title='bbox 135 2237 202 2269; x_wconf 82' lang='lat'>590</span> <span class='ocrx_word' id='word_1_266' title='bbox 223 2229 354 2283; x_wconf 87' lang='lat' dir='ltr'>Dixit,</span> <span class='ocrx_word' id='word_1_267' title='bbox 386 2236 426 2270; x_wconf 89' lang='lat' dir='ltr'>et</span> <span class='ocrx_word' id='word_1_268' title='bbox 455 2230 649 2282; x_wconf 85' lang='lat' dir='ltr'>extemplo</span> <span class='ocrx_word' id='word_1_269' title='bbox 687 2230 953 2282; x_wconf 88' lang='lat' dir='ltr'>populumque</span> <span class='ocrx_word' id='word_1_270' title='bbox 990 2241 1226 2281; x_wconf 88' lang='lat' dir='ltr'>gravemque</span> <span class='ocrx_word' id='word_1_271' title='bbox 1264 2236 1441 2268; x_wconf 85' lang='lat' dir='ltr'>senatum</span> 
     </span>
     <span class='ocr_line' id='line_1_38' title="bbox 223 2287 1207 2340; baseline -0.001 -12"><span class='ocrx_word' id='word_1_272' title='bbox 223 2287 446 2328; x_wconf 87' lang='lat' dir='ltr'>Convocat.</span> <span class='ocrx_word' id='word_1_273' title='bbox 484 2294 572 2328; x_wconf 88' lang='lat' dir='ltr'>ante</span> <span class='ocrx_word' id='word_1_274' title='bbox 605 2295 734 2328; x_wconf 88' lang='lat' dir='ltr'>tamen</span> <span class='ocrx_word' id='word_1_275' title='bbox 766 2288 888 2340; x_wconf 88' lang='lat' dir='ltr'>pacali</span> <span class='ocrx_word' id='word_1_276' title='bbox 920 2300 1068 2328; x_wconf 89' lang='lat' dir='ltr'>cornua</span> <span class='ocrx_word' id='word_1_277' title='bbox 1098 2289 1207 2327; x_wconf 90' lang='lat' dir='ltr'>lauro</span> 
     </span>
     <span class='ocr_line' id='line_1_39' title="bbox 223 2345 1141 2400; baseline 0 -15"><span class='ocrx_word' id='word_1_278' title='bbox 223 2345 360 2400; x_wconf 86' lang='lat' dir='ltr'>Velat‚</span> <span class='ocrx_word' id='word_1_279' title='bbox 391 2353 431 2387; x_wconf 90' lang='lat' dir='ltr'>et</span> <span class='ocrx_word' id='word_1_280' title='bbox 462 2347 668 2399; x_wconf 84' lang='lat' dir='ltr'>aggeribus</span> <span class='ocrx_word' id='word_1_281' title='bbox 702 2348 813 2386; x_wconf 82' lang='lat' dir='ltr'>factis</span> <span class='ocrx_word' id='word_1_282' title='bbox 845 2359 867 2386; x_wconf 89' lang='lat' dir='ltr'>a</span> <span class='ocrx_word' id='word_1_283' title='bbox 897 2347 1017 2386; x_wconf 85' lang='lat' dir='ltr'>milite</span> <span class='ocrx_word' id='word_1_284' title='bbox 1051 2347 1141 2386; x_wconf 87' lang='lat' dir='ltr'>sorti</span> 
     </span>
    </p>

    <p class='ocr_par' dir='ltr' id='par_1_17' title="bbox 174 2417 1157 2447">
     <span class='ocr_line' id='line_1_40' title="bbox 174 2417 1157 2447; baseline 0.002 -2"><span class='ocrx_word' id='word_1_285' title='bbox 174 2419 286 2446; x_wconf 72' lang='lat' dir='ltr'>ovn).</span> <span class='ocrx_word' id='word_1_286' title='bbox 305 2419 352 2445; x_wconf 89' lang='lat'>11.</span> <span class='ocrx_word' id='word_1_287' title='bbox 1116 2417 1157 2447; x_wconf 77' lang='lat'>21</span> 
     </span>
    </p>
   </div>
  </div>
 </body>
</html>
