1538 2496
78 121 165 163 244
302 131 471 155 caunum
630 114 842 150 METAMM
859 142 866 150 .

196 232 427 281 Annuerat,
459 226 698 277 dederatque
731 236 880 277 super,
912 236 961 264 ne
994 225 1150 264 saucius
1183 224 1270 265 ullis

195 287 430 328 Vulneribus
462 287 548 324 fieri
580 285 733 323 ferrove
767 283 1001 323 occumbere
1033 289 1189 335 posset.

196 348 358 387 Munere
391 345 514 383 laetus
548 342 656 395 abit,
687 342 906 394 studiisque
938 341 1115 382 virilibus
1147 354 1285 381 aevum

196 406 326 456 Exigit
357 402 558 442 Atracides
577 433 588 454 ,
619 401 842 452 Peneiaque
875 413 963 440 arva
994 407 1196 452 per-errat.

110 473 177 504 210
255 463 426 502 Duxerat
456 460 726 512 Hippodamen
758 460 894 499 audaci
925 460 1058 499 Ixione
1089 466 1227 514 natus,

198 521 500 572 Nubigenasque
533 520 637 558 seros
668 520 807 570 positis
840 531 887 558 ex
919 518 1055 558 ordine
1088 520 1234 558 mensis

198 579 414 620 Arboribus
446 583 550 617 tecto
583 577 831 617 discumbere
863 580 1032 617 iusserat
1063 583 1198 617 antro.

197 639 400 677 Haemonii
431 649 619 689 proceres
651 636 842 690 aderant,
874 637 1079 676 aderamus
1112 642 1152 676 et
1182 637 1280 689 ipsi3

197 698 390 748 Festaque
423 697 585 735 confusa
616 695 826 734 resonabat
855 697 962 747 regia
993 695 1131 735 turha.

111 763 177 795 215
198 756 299 795 Ecce
333 760 479 794 canunt
509 754 761 806 Hymenaeon
779 786 790 806 ,
823 760 862 793 et
892 754 1049 806 ignibus
1082 755 1178 793 atria
1210 754 1383 807 fumant,

199 815 412 864 Cinctaque
446 813 557 852 adest
586 814 695 864 virgo
729 817 899 851 matrum
931 825 1183 865 nuruumque
1217 818 1394 866 caterva,

197 873 420 924 Praesignis
453 872 578 910 facie.
618 871 772 910 felicem
804 871 972 911 diximus
1002 871 1067 911 illa

200 932 374 982 Coniuge
406 930 655 982 Pirithoum3
688 930 792 981 quod
822 942 947 982 paene
978 930 1188 970 fefellimus
1219 943 1358 970 omen.

198 990 296 1029 Nam
326 988 399 1028 tibi
416 1020 428 1042 ,
461 1000 666 1028 saevorum
699 990 922 1028 saevissime
956 989 1266 1042 Centaurorum,

112 1056 179 1089 220
199 1049 346 1100 Euryte
365 1079 376 1101 ,
409 1059 526 1098 quam
556 1048 646 1086 vino
677 1052 817 1099 pectus
848 1054 927 1087 tam
959 1049 1106 1099 virgine
1139 1049 1220 1087 visa

199 1107 349 1158 Ardet,
382 1112 422 1145 et
453 1105 622 1145 ebrietas
654 1107 850 1157 geminata
882 1106 1042 1145 libidine
1075 1112 1231 1158 regnat.

198 1166 385 1205 Protinus
418 1176 576 1203 eversae
609 1164 771 1203 turbant
803 1166 977 1204 convivia
1008 1177 1191 1219 mensae,

200 1225 469 1275 Raptaturque
503 1224 625 1262 comis
655 1235 728 1275 per
758 1224 836 1262 vim
869 1235 966 1262 nova
998 1229 1119 1275 nupta
1148 1224 1378 1276 prehensis.

200 1282 373 1334 Eurytus
405 1281 705 1335 Hippodamen,
738 1281 831 1335 alii,
863 1294 980 1333 quam
1012 1285 1179 1334 quisque
1210 1282 1428 1334 probabant

113 1348 180 1380 225
200 1342 278 1380 Aut
308 1346 492 1392 poterant
509 1372 520 1393 ,
552 1342 739 1392 rapiunt;
772 1346 986 1393 captaeque
1018 1347 1103 1380 erat
1133 1341 1244 1380 urhis
1275 1343 1425 1394 imago.

200 1400 385 1439 Femineo
419 1398 587 1438 clamore
620 1405 733 1438 sonat
763 1399 903 1439 domus
922 1431 931 1439 .
969 1401 1080 1439 ocius
1111 1412 1247 1439 omnes

202 1458 409 1509 Surgimus
427 1489 438 1509 ,
471 1463 510 1496 et
540 1459 692 1509 primus
725 1455 856 1509 “quae
887 1464 926 1497 te
958 1458 1140 1497 vecordia
1156 1455 1184 1512 ,⁹
1215 1458 1392 1499 Theseus

201 1513 394 1568 “Euryte,
435 1515 566 1566 pulsat
576 1513 604 1568 ,'
649 1518 730 1569 ait,
763 1513 846 1567 ‘qui
876 1528 940 1556 me
970 1518 1123 1556 vivente
1154 1516 1323 1557 lacessas

114 1583 181 1614 229
202 1574 423 1613 Pirithoum
441 1606 452 1626 ,
484 1574 684 1626 violesque
717 1574 815 1613 duos
847 1576 1008 1626 ignarus
1038 1577 1079 1614 in
1110 1588 1190 1615 uno
1203 1572 1257 1615 ’γ’

114 1641 182 1672 232
203 1633 270 1672 lile
302 1632 399 1671 nihil
431 1638 597 1672 contra:
628 1645 757 1684 neque
790 1635 895 1672 enim
926 1633 1138 1673 defendere
1169 1634 1299 1673 verbis

203 1691 311 1730 Talia
342 1692 444 1730 facta
474 1697 635 1742 potest:
666 1691 736 1730 sed
767 1692 930 1731 vindicis
963 1704 1031 1732 ora
1061 1695 1257 1744 protervis

203 1750 429 1801 Insequitur
460 1750 670 1803 manibus,
702 1762 971 1802 generosaque
1002 1757 1164 1803 pectora
1194 1751 1345 1803 pulsat.

115 1816 182 1847 235
202 1808 319 1847 Forte
351 1809 426 1847 fuit
456 1810 563 1848 iuxta
594 1810 716 1860 signis
748 1809 971 1849 extantibus
1003 1808 1118 1862 affer

202 1868 398 1918 Antiquus
430 1873 560 1906 crater
577 1899 589 1921 ,
621 1879 739 1919 que-m
771 1880 937 1920 surgens
969 1871 1114 1908 vastior
1144 1870 1228 1921 ipse

205 1924 374 1964 Sustulit
404 1925 569 1977 Aegides
587 1958 598 1979 ,
630 1926 869 1978 adversaque
901 1928 1007 1966 misit
1036 1929 1077 1966 in
1109 1939 1200 1966 ora.

206 1982 415 2034 Sanguinis
446 1984 510 2023 ille
542 1984 678 2036 globos
708 1987 857 2037 pariter
883 1985 1171 2037 cerebrumque
1196 1997 1427 2038 merumque

204 2040 374 2080 Vulnere
407 2048 447 2081 et
477 2055 546 2082 ore
578 2055 739 2083 vomens
770 2044 922 2083 madida
952 2046 1165 2096 resupinus
1196 2044 1342 2084 harena

118 2107 186 2140 240
207 2099 417 2139 Calcitrat.
456 2101 668 2142 ardescunt
699 2104 875 2154 germani
907 2102 1024 2142 caede
1056 2102 1319 2156 bimembres,

207 2157 472 2209 Certatimque
492 2172 628 2199 omnes
646 2173 726 2200 uno
746 2173 816 2200 ore
843 2158 981 2200 “arma
997 2193 1009 2215 ,
1034 2158 1172 2200 arma'’
1190 2161 1429 2213 loquuntur.

208 2215 304 2254 Vina
336 2216 479 2256 dabant
511 2221 688 2259 animos.
727 2226 768 2259 et
797 2221 923 2272 prima
953 2219 1095 2272 pocula
1124 2231 1256 2272 pugna

206 2274 323 2313 Missa
353 2275 483 2314 volant
515 2277 750 2329 fragilesque
783 2278 898 2331 cadi,
930 2280 1118 2330 curvique
1148 2278 1320 2332 lebetes,

209 2332 287 2371 Res
320 2333 444 2385 epulis
478 2335 673 2385 quondam
691 2367 703 2389 ,
734 2349 839 2376 nunc
877 2335 978 2376 bello
1011 2342 1051 2376 et
1081 2336 1266 2377 caedibus
1297 2343 1430 2391 aptae.
