1538 2496
72 130 153 172 292
333 141 431 165 meus
619 125 834 161 METAMM
849 152 858 162 .

189 240 436 289 Flammaque
468 249 539 289 per
570 241 672 276 totas
703 237 782 275 visa
815 241 876 275 est
907 247 1039 275 errare
1071 236 1284 277 medullas.

191 299 237 337 Ut
269 300 439 348 primum
470 295 594 334 valido
627 301 799 334 mentem
832 294 990 345 collegit
1020 293 1067 334 ab
1099 300 1235 348 aestu,

189 356 289 402 Quid
323 360 513 406 cuperet,
545 354 696 392 fassura
729 354 829 392 suit.
868 365 917 392 ne
949 358 1083 404 posset
1115 353 1247 407 adire,

189 415 335 454 Cursus
368 415 459 464 equi
491 413 583 451 fecit
615 412 959 463 circumfususque
992 411 1169 451 satelles.

100 482 166 514 355
189 469 337 512 “³Non’
370 473 422 511 ait
454 468 633 522 ‘effugies
651 502 663 524 ‚
694 476 809 510 vento
843 471 995 522 rapiare
1026 470 1182 524 licebit,

188 532 229 571 Si
260 530 375 570 modo
408 542 471 569 me
502 531 620 582 novi,
653 530 686 569 si
717 541 795 568 non
828 531 984 569 evanuit
1015 530 1142 568 omnis

186 589 407 629 Herbarum
438 590 563 628 virtus
582 620 592 640 ,
624 600 697 627 nec
729 600 790 627 me
823 600 908 627 mea
940 589 1111 627 carmina
1143 588 1303 628 fallunt.

188 649 319 700 Dixit,
352 653 391 687 et
422 647 591 699 effigiem
610 679 620 699 ,
652 647 758 686 nullo
791 659 881 686 cum
914 659 1077 698 corpore
1096 678 1107 699 ,
1139 647 1225 687 salsi

187 708 315 746 Finxit
348 708 461 759 apri,
494 711 729 758 praeterque
763 705 898 745 oculos
931 712 1205 745 transcurrere
1237 707 1341 757 regis

98 767 333 817 3601ussit,
366 770 406 804 et
437 766 477 804 in
510 765 675 804 densum
706 763 884 803 trabibus
916 776 1055 803 nemus
1087 765 1145 803 ire
1177 764 1324 817 videri,

187 825 359 864 Plurima
391 835 467 875 qua
499 823 593 862 silva
626 829 685 862 est
715 830 755 862 et
787 835 888 874 equo
920 823 1004 862 loca
1029 824 1162 874 pervia
1186 834 1265 862 non
1298 830 1410 863 sunt.

186 883 296 922 Haud
328 894 466 935 mora,
500 883 685 921 continuo
717 882 883 933 praedae
918 883 1018 933 petit
1053 883 1202 921 inscius
1232 881 1411 921 umbram

185 942 332 994 Picus,
364 943 534 992 equique
568 940 672 979 celer
704 941 924 992 spumantia
955 946 1065 992 terga
1095 940 1306 992 relinquit,

188 1001 383 1052 Spemque
417 1012 587 1051 sequens
619 1011 755 1038 vanam
789 999 883 1038 silva
912 999 1033 1051 pedes
1066 1004 1173 1038 errat
1203 1000 1245 1038 in
1276 999 1373 1038 alta.

98 1068 166 1100 365
187 1059 367 1110 Concipit
397 1058 461 1097 illa
494 1070 633 1109 preces
666 1064 704 1096 et
735 1057 853 1096 verba
884 1058 1056 1096 venefica
1087 1057 1182 1097 dicit

185 1118 422 1169 Ignotosque
456 1117 549 1156 deos
581 1119 714 1167 ignoto
748 1118 919 1155 carmine
952 1116 1111 1169 adorat,

187 1177 272 1222 Quo
305 1175 405 1215 solet
436 1181 476 1215 et
506 1178 640 1215 niveae
673 1174 823 1214 vultum
856 1174 1098 1214 confundere
1130 1173 1262 1213 Lunae

185 1235 235 1274 Et
266 1236 393 1287 patrio
426 1236 544 1286 capiti
575 1233 728 1273 bibulas
761 1233 970 1272 subtexere
1002 1232 1152 1272 nubes.

185 1294 287 1333 Tum
318 1305 475 1345 quoque
509 1298 661 1332 cantato
695 1292 883 1331 densetur
914 1294 1085 1331 carmine
1119 1291 1270 1331 caelum

98 1362 166 1394 370
186 1353 235 1392 Et
267 1351 429 1391 nebulas
463 1351 614 1391 exhalat
645 1351 788 1390 humus
807 1383 818 1405 ,
851 1352 1056 1402 caecisque
1087 1355 1277 1402 vagantur

186 1410 394 1450 Limitibus
427 1413 590 1450 comites
609 1442 620 1462 ‚
653 1416 692 1449 et
723 1409 834 1449 abest
865 1409 1043 1449 custodia
1073 1411 1181 1461 regi.

186 1470 304 1509 Nacta
335 1470 466 1509 locum
491 1475 725 1520 tempusque
752 1465 870 1520 “‘per
889 1500 899 1521 ,
932 1480 954 1507 o
973 1500 984 1521 ,
1015 1474 1083 1508 tua
1108 1468 1254 1507 lumina
1267 1464 1294 1520 ‚³
1315 1467 1412 1507 dixit

186 1526 309 1574 ‘Quae
341 1540 427 1567 mea
459 1532 677 1580 ceperunt,
709 1539 858 1578 perque
891 1526 991 1566 hanc
1009 1558 1020 1579 ,
1051 1526 1340 1579 pulcherrime,

1223 1585 1411 1638 formam,

187 1647 292 1692 Quae
327 1647 446 1698 facit,
479 1651 523 1684 ut
554 1645 717 1696 supplex
749 1644 821 1683 tibi
847 1646 920 1683 sim
946 1643 1047 1696 dea,
1078 1642 1240 1683 consule
1265 1645 1411 1683 nostris

100 1714 164 1745 375
186 1705 346 1757 Ignibus
365 1736 376 1758 ‚
410 1710 449 1743 et
481 1716 692 1754 socerum,
724 1705 792 1754 qui
823 1702 1002 1754 pervidet
1032 1704 1191 1755 omnia,
1223 1701 1353 1742 Solem

186 1765 357 1816 Accipe,
390 1775 463 1802 nec
496 1763 618 1801 durus
650 1761 828 1800 Titanida
861 1761 1018 1813 despice
1051 1760 1192 1801 Circen
1207 1757 1264 1800 .”'

187 1822 371 1861 Dixerat.
409 1821 472 1860 ille
508 1822 616 1860 ferox
649 1822 851 1872 ipsamque
883 1815 1102 1872 prece's'ffie
1133 1819 1311 1873 repellit,

186 1880 235 1920 Et
267 1877 586 1931 “‘quaecumque
620 1891 662 1918 es
682 1876 708 1931 ,'
742 1881 795 1918 ait
827 1876 921 1918 ‘non
953 1890 1040 1918 sum
1071 1884 1164 1918 tuus
1184 1909 1193 1918 .
1232 1877 1353 1918 altera

1254 1943 1411 1989 captum

186 1998 246 2036 Me
272 2004 379 2037 tenet
399 2030 409 2050 ,
436 2004 474 2037 et
499 2004 631 2036 teneat
655 2009 726 2049 per
751 1996 910 2049 longum
929 2028 940 2049 ‚
973 2008 1226 2049 comprecor,
1252 2007 1410 2036 aevum.

100 2065 166 2096 380
186 2056 266 2095 Nec
298 2056 448 2095 Venere
482 2062 643 2095 externa
675 2055 830 2095 socialia
861 2055 1020 2094 foedera
1051 2054 1223 2107 laedam,

188 2114 287 2154 Dum
320 2115 413 2153 mihi
445 2114 666 2166 Iani-genam
698 2113 911 2153 servabunt
942 2115 1018 2153 fata
1051 2113 1261 2153 Canentem
1276 2109 1334 2153 .''''

189 2173 312 2224 Saepe
345 2176 588 2225 retemptatis
620 2173 805 2225 precibus
837 2173 989 2212 Titania
1022 2172 1190 2226 frustra,

189 2229 321 2271 “‘Non
353 2233 500 2283 inpune
533 2233 636 2271 feres
655 2264 666 2285 ‚
699 2228 841 2283 neque'
881 2233 934 2270 ait
965 2229 1145 2270 ‘reddere
1177 2230 1340 2271 Canenti

188 2289 406 2341 [Laesaque
439 2290 532 2341 quid
566 2291 679 2330 saciat
696 2322 708 2343 ,
741 2289 834 2342 quid
867 2301 998 2329 amans
1017 2321 1029 2344 ‚
1062 2289 1154 2342 quid
1186 2289 1352 2342 femina,

1283 2347 1411 2387 disces

1307 585 1353 604 9⁷5

1353 2227 1409 2259 '³25
