1527 2580
578 117 651 161 xl,
677 121 861 153 494—566
877 145 885 153 .
1052 129 1141 152 cmx
1313 116 1394 158 231

176 228 256 267 Nec
287 229 398 280 prius
430 227 584 267 absistit
615 227 757 266 fessam
788 226 1014 279 obpugnare
1047 229 1242 279 carinam,

177 287 300 333 Quam
332 286 438 326 velut
468 288 507 326 in
541 293 673 338 captae
707 286 918 325 descendat
949 288 1101 326 moenia
1133 287 1263 325 navis.

177 345 290 396 [Pars
322 347 442 397 igitur
476 344 687 397 temptabat
719 344 844 384 adbuc
878 345 1059 384 invadere
1090 346 1226 397 pinum
1239 343 1268 397 ,]

176 405 271 444 Pars
297 405 413 443 maris
440 406 546 443 intus
572 410 683 443 erat.
723 404 919 455 trepidant
951 404 1052 443 haud
1080 406 1208 443 secius
1240 414 1398 454 omneS‚

88 471 155 502 535
177 463 301 509 Quam
333 463 432 502 solet
464 462 558 502 urbs
577 494 588 514 ‚
621 462 704 501 aliis
737 475 894 502 murum
927 463 1164 502 fodientibus
1196 468 1306 501 extra

176 523 301 573 Atque
335 521 419 560 aliis
452 533 637 573 murum,
670 521 866 572 trepidare
886 554 897 574 ,
930 521 1156 561 tenentibus
1188 523 1316 560 intus.

176 580 314 619 Deficit
345 592 437 632 ars,
469 581 665 631 animique
699 580 872 620 cadunt:
906 580 1144 631 totidemque
1177 579 1382 630 videntur,

179 639 283 685 Quot
314 640 469 677 veniant
495 638 663 690 fluctus,
696 651 812 678 ruere
840 646 955 690 atque
982 641 1203 691 irrumpere
1231 644 1399 677 mortes.

175 697 260 736 Non
287 703 396 736 tenet
422 697 484 736 hic
511 697 713 750 lacrimas;
746 704 879 749 stupet
905 697 991 750 hic3
1018 704 1128 737 vocat
1153 697 1217 736 ille
1242 697 1401 747 beatos,

88 763 155 795 540
177 755 330 795 Funera
362 767 461 806 quos
493 762 703 808 maneant3
735 756 797 795 hic
831 759 928 795 votis
960 768 1106 795 numen
1139 756 1296 807 adorat,

177 814 440 865 Bracchiaque
462 814 507 853 ad
535 814 707 865 caelum,
735 815 838 866 quod
865 827 943 854 non
970 815 1096 868 videt,
1123 816 1234 854 irrita
1262 813 1400 853 tollens

177 873 307 912 Poscit
339 885 483 924 opem:
516 872 687 912 subeunt
719 873 774 912 illi
807 874 1026 925 fratresque
1058 885 1304 925 parensque,

177 931 275 971 Huic
314 943 404 971 cum
441 931 672 983 pignoribus
710 931 878 984 domus,
916 938 956 971 et
993 932 1096 983 quod
1136 933 1278 983 cuique

1105 990 1286 1029 relictum
1318 997 1399 1028 est.

176 1048 346 1100 Alcyone
379 1048 503 1100 Ceyca
534 1055 692 1101 movet3
725 1048 861 1101 Ceycis
892 1050 933 1088 in
965 1061 1032 1088 ore

88 1115 155 1146 545
178 1107 290 1146 Nulla
323 1108 398 1146 nisi
429 1107 599 1159 Alcyone
632 1114 720 1147 est:
753 1114 792 1146 et
823 1120 913 1147 cum
945 1107 1142 1147 desideret
1172 1118 1314 1159 unam,

176 1165 326 1204 Gaudet
356 1165 492 1205 abesse
524 1172 655 1205 tamen
675 1198 683 1205 .
722 1168 869 1217 patriae
901 1178 1057 1217 quoque
1088 1166 1204 1205 vellet
1235 1165 1281 1204 ad
1314 1177 1400 1203 oras

177 1224 387 1276 Respicere
407 1256 418 1277 ,
451 1227 568 1275 inque
602 1225 759 1263 domum
792 1237 997 1276 supremos
1029 1231 1183 1264 vertere
1215 1224 1369 1263 vultus:

177 1281 320 1322 Verum
354 1282 420 1322 ubi
452 1285 532 1335 sit,
564 1285 719 1335 nescit3
752 1289 856 1322 tanta
888 1285 1077 1334 vertigine
1109 1288 1254 1334 pontus

178 1341 347 1393 Fervet,
382 1348 421 1380 et
452 1341 611 1380 inducta
641 1343 764 1393 piceis
797 1354 817 1380 e
849 1341 1020 1381 nubibus
1052 1340 1190 1381 umbra

88 1407 156 1440 550
177 1399 300 1439 Omne
333 1400 428 1439 latet
459 1400 610 1439 caelum
628 1431 639 1453 ,
671 1400 945 1451 duplicataque
977 1402 1104 1439 noctis
1135 1401 1261 1450 imago
1295 1406 1376 1439 est.

175 1458 385 1509 Frangitur
417 1460 580 1497 incursu
613 1458 781 1498 nimbosi
813 1457 981 1498 turbinis
1013 1458 1152 1512 arbor3

176 1516 385 1568 Frangitur
417 1523 456 1555 et
486 1518 692 1568 regimen:
725 1517 939 1568 spoliisque
971 1519 1144 1556 animosa
1176 1522 1378 1568 superstes

176 1574 286 1614 Unda
305 1607 316 1627 ‚
349 1575 454 1614 velut
486 1577 624 1614 victrix
644 1607 655 1628 ,
688 1577 918 1626 sinuataque
951 1576 1118 1627 despicit
1148 1575 1296 1616 undas:

175 1633 255 1672 Nec
291 1634 443 1686 levius,
476 1646 592 1684 quam
624 1635 748 1685 siquis
780 1634 909 1673 Athon
940 1634 1156 1673 Pindumve
1188 1633 1366 1673 revulsos

90 1700 156 1731 555
179 1692 279 1732 Sede
311 1704 381 1730 sua
414 1697 516 1731 totos
549 1694 588 1731 in
620 1698 800 1744 apertum
832 1695 1018 1732 everterit
1049 1705 1226 1745 aequor,

177 1750 437 1802 praecipitata
469 1750 572 1789 cadit
589 1782 600 1802 ,
632 1753 857 1802 pariterque
890 1757 929 1790 et
959 1750 1134 1802 pondere
1166 1758 1206 1790 et
1236 1752 1317 1790 ictu

176 1809 317 1860 Mergit
347 1811 388 1848 in
420 1810 495 1848 ima
524 1815 678 1862 ratem,
710 1821 799 1848 cum
831 1821 907 1860 qua
938 1821 1028 1860 pars
1060 1821 1198 1860 magna
1228 1811 1402 1849 virorum

177 1867 339 1918 Gurgite
371 1879 506 1919 pressa
537 1870 644 1919 gravi
676 1879 803 1918 neque
837 1869 876 1906 in
908 1871 998 1907 aera
1029 1867 1180 1907 reddita
1211 1868 1289 1907 sato

177 1925 327 1965 Functa
358 1938 429 1965 suo
461 1932 549 1966 est.
589 1926 652 1965 alii
683 1933 815 1978 partes
848 1933 886 1965 et
917 1925 1092 1965 membra
1123 1928 1278 1965 carinae

90 1992 157 2024 560
177 1984 334 2024 Trunca
360 1991 517 2023 tenent.
553 1992 659 2024 tenet
684 1987 766 2036 ipse
794 1997 934 2036 manu,
961 1997 1037 2036 qua
1056 1991 1210 2037 sceptra
1230 1984 1402 2037 solebat,

177 2042 382 2094 Fragmina
414 2045 556 2094 navigii
588 2043 720 2095 Ceyx,
752 2055 1013 2094 socerumque
1044 2050 1275 2095 patremque

178 2101 335 2140 lnvocat
365 2100 472 2140 heu!
504 2102 681 2141 frustra.
719 2101 788 2140 sed
820 2101 988 2153 plurima
1019 2103 1147 2141 nantis
1179 2103 1218 2141 in
1252 2114 1319 2142 ore

178 2159 346 2211 Alcyone
378 2161 547 2199 coniunx
567 2191 576 2199 .
614 2159 718 2199 illam
750 2161 1004 2211 meminitque
1036 2161 1261 2211 refertque:

177 2217 285 2256 lllius
317 2224 406 2257 ante
437 2218 572 2257 oculos
605 2225 648 2258 ut
680 2225 794 2270 agant
824 2231 894 2258 sua
926 2231 1090 2271 corpora
1122 2218 1289 2272 ssuctus,

91 2283 158 2315 565
180 2276 326 2329 Optat,
357 2283 396 2315 et
428 2278 615 2316 exanimis
647 2277 827 2316 manibus
859 2277 1076 2317 tumuletur
1108 2279 1265 2316 amicis.

176 2334 277 2374 Dum
302 2341 437 2387 natat,
469 2335 670 2374 absentem
688 2367 700 2388 ,
732 2337 914 2388 quotiens
937 2338 1030 2376 sinit
1055 2337 1209 2376 hiscere
1235 2337 1401 2378 fluctus·
