1527 2580
555 140 639 176 XIII
655 169 662 184 ,
689 144 754 176 381
763 144 874 176 -452
890 169 896 175 .
1036 153 1171 176 aecum
1310 139 1392 182 267

175 249 299 302 Saepe
331 249 462 289 videre
494 256 644 302 patrem
677 256 936 290 monstratum
967 262 987 289 a
1018 256 1142 289 matre
1175 249 1323 289 solebat
1337 249 1363 300 .]

174 308 332 360 lamque
363 310 464 347 viam
495 308 633 348 suadet
663 308 802 348 boreas
820 340 831 362 ,
862 309 1033 360 ssatuque
1066 308 1238 348 secundo

175 366 342 406 Carbasa
374 373 478 406 mota
510 373 679 419 sonant;
711 367 820 407 iubet
851 369 908 406 uti
941 369 1066 406 navita
1098 369 1247 406 ventis.

86 433 155 465 420
175 423 307 464 ‘Troia
326 457 337 478 ,
367 425 478 464 vale!
511 422 700 477 rapimur’
733 426 929 479 clamant,
969 425 1061 465 dant
1102 425 1234 465 oscula
1265 431 1392 465 terrae

174 483 376 537 Troades,
408 490 447 523 et
478 486 624 536 patriae
658 485 844 524 fumantia
877 490 979 524 tecta
1010 484 1259 536 relinquunt.

175 542 317 581 Ultima
349 543 578 582 conscendit
609 543 771 582 classem
790 575 801 595 ,
834 542 1054 582 miserabile
1086 544 1196 595 visu,

174 600 218 640 In
250 601 389 640 mediis
421 600 579 640 Hecuba
611 608 671 640 est
702 607 881 641 natorum
915 603 1069 641 inventa
1101 600 1343 653 sepulchris:

174 658 430 698 Prensantem
462 659 635 699 tumulos
666 665 781 711 atque
814 660 968 699 ossibus
1001 659 1132 699 oscula
1165 660 1320 699 dantem

86 725 154 756 425
174 716 373 757 Dulichiae
404 724 560 757 traxere
592 730 759 757 manus.
797 725 926 758 tamen
960 720 1077 758 unius
1108 718 1262 771 hausit,

174 775 297 828 [nque
329 778 417 815 sinu
450 778 604 816 cineres
636 789 770 816 secum
802 777 891 816 tulit
922 777 1103 816 Hectoris
1134 776 1318 816 haustos:

175 834 356 874 Hectoris
386 836 426 874 in
459 835 609 874 tumulo
641 847 780 874 canum
813 835 860 874 de
893 837 1038 874 vertice
1071 837 1244 888 crinem,

175 892 340 932 Inferias
371 895 537 946 inopes,
569 895 716 933 crinem
750 894 1006 945 lacrimasque
1038 893 1219 945 reliquit.

234 951 332 1004 Est,
364 951 432 991 ubi
463 952 580 991 Troia
611 953 685 991 fuit
703 983 714 1004 ‚
745 951 934 1004 Phrygiae
967 954 1163 991 contraria
1193 951 1309 991 tellus

87 1018 156 1050 430
175 1009 362 1049 Bistoniis
393 1009 564 1049 habitata
595 1012 718 1049 viris.
756 1010 1034 1062 Polymestoris
1064 1004 1144 1049 illic

174 1068 295 1120 Regia
326 1068 433 1107 dives
465 1074 577 1121 erat,
610 1069 673 1108 cui
705 1074 743 1108 te
776 1070 970 1108 commisit
1002 1068 1185 1108 alendum

177 1126 306 1179 Clam,
333 1126 545 1180 Polydore,
571 1133 705 1179 pater,
730 1127 987 1179 Phrygiisque
1007 1129 1172 1166 removit
1191 1126 1236 1165 ab
1258 1127 1398 1178 armis3

177 1185 390 1225 Consilium
423 1187 579 1237 sapiens
596 1217 608 1237 ‚
640 1185 800 1224 sceleris
831 1187 907 1224 nisi
937 1187 1108 1237 prae-mia
1139 1196 1297 1237 magnas

175 1243 392 1283 Adiecisset
422 1255 517 1295 opes
535 1275 546 1296 ‚
577 1245 695 1282 animi
726 1245 927 1283 irritamen
960 1245 1091 1283 avari.

87 1310 156 1342 435
175 1301 227 1342 Ut
257 1302 399 1341 cecidit
430 1303 586 1341 fortuna
617 1302 815 1354 Phrygum
833 1334 845 1355 ,
876 1304 979 1354 capit
1009 1303 1153 1354 impius
1184 1313 1320 1341 ensem

176 1360 259 1400 Rex
290 1360 486 1399 Thracum
505 1392 516 1413 ‚
546 1360 759 1412 iuguloque
791 1362 853 1400 sui
884 1360 1040 1400 demisit
1071 1360 1240 1412 alumni;

176 1419 228 1458 Et
257 1424 453 1470 tamquam
485 1419 568 1458 tolli
599 1431 688 1459 cum
721 1431 886 1471 corpore
919 1420 1082 1458 crimina
1113 1424 1298 1471 possent,

176 1477 404 1516 Exanimem
436 1477 596 1529 scopulo
629 1477 825 1517 subiectas
855 1479 962 1517 misit
991 1479 1033 1516 in
1064 1477 1210 1516 undaS.

177 1535 309 1575 Litore
340 1535 524 1575 Threicio
557 1535 721 1575 classem
753 1535 937 1587 religarat
966 1535 1145 1588 Atrides,

89 1603 158 1634 440
179 1594 279 1634 Dum
310 1606 416 1633 mare
447 1599 628 1646 pacatum
646 1626 658 1647 ‚
689 1594 782 1633 dum
812 1600 953 1633 ventus
984 1595 1145 1633 amicior
1177 1599 1302 1633 esset.

178 1653 250 1692 Hic
282 1652 411 1692 subito
430 1684 441 1705 ‚
473 1658 643 1704 quantus
675 1664 765 1691 cum
794 1654 945 1691 viveret
974 1664 1061 1692 esse
1093 1650 1266 1705 solebat,

178 1711 268 1750 Exit
297 1710 416 1750 humo
447 1710 522 1749 late
554 1716 669 1761 rupta
687 1742 698 1763 ,
731 1710 946 1762 similisque
977 1711 1143 1750 minanti

178 1769 384 1821 Temporis
415 1768 520 1808 illius
550 1768 701 1808 vultum
732 1768 929 1807 referebat
959 1768 1153 1821 Achilles,

179 1827 267 1874 Quo
297 1828 405 1866 ferus
436 1828 582 1866 iniusto
614 1828 728 1878 petiit
758 1827 1044 1878 Agamemnona
1076 1827 1206 1866 ferro:

90 1894 160 1926 445
180 1882 452 1925 ‘Inmemores'
485 1897 560 1936 que
592 1882 685 1924 ‘mei
716 1882 931 1924 disceditis'
963 1887 1091 1937 inquit
1122 1882 1307 1925 ‘Achivii’

181 1944 409 1995 Obrutaque
442 1950 503 1983 est
532 1956 689 1983 mecum
719 1945 875 1982 virtutis
908 1945 1031 1995 gratia
1062 1941 1255 1983 nostrae?

178 2002 236 2042 Ne
268 2001 413 2042 facite!
444 2008 567 2053 utque
599 2014 730 2041 meum
762 2014 840 2041 non
872 2003 923 2041 sit
954 2003 1038 2041 sine
1068 2001 1218 2041 honore

1124 2059 1399 2112 sepulchrum,

179 2119 312 2159 Placet
341 2118 535 2158 Achilleos
566 2124 731 2158 mactata
762 2118 956 2169 Polyxena
987 2130 1121 2158 manes
1135 2114 1160 2157 .'

180 2177 313 2217 Dixit:
344 2183 412 2229 et,
442 2178 570 2216 inmiti
600 2178 717 2216 sociis
748 2176 977 2229 parentibus
1009 2176 1195 2230 umbrae,

92 2244 161 2277 450
180 2236 303 2288 Rapta
334 2237 422 2274 sinu
455 2236 590 2274 matris
607 2267 618 2287 ‚
651 2246 766 2286 quam
797 2236 874 2273 iam
904 2247 1027 2287 prope
1059 2234 1140 2274 sola
1171 2234 1348 2287 fovebat,

180 2295 308 2334 Fortis
340 2299 380 2333 et
409 2293 542 2333 infelix
575 2299 615 2332 et
645 2293 732 2345 plus
765 2305 881 2344 quam
912 2294 1055 2333 semina
1085 2295 1195 2345 virgo

180 2352 346 2393 Ducitur
371 2352 418 2392 ad
449 2351 643 2391 tumulum
662 2383 673 2404 ,
705 2351 870 2403 diroque
900 2352 944 2392 fit
973 2352 1101 2392 hostia
1131 2351 1272 2391 busto.
