1527 2580
545 136 593 171 IX
611 163 621 178 ,
647 140 832 172 433—505
847 163 854 172 .
1008 150 1129 173 aruns
1288 138 1366 179 137

56 253 126 288 4⁵10
147 245 272 298 Saepe
294 245 421 299 videt,
440 245 544 297 quod
566 253 666 286 amat
687 278 694 285 .
721 248 800 286 visa
820 252 881 287 est
900 259 1056 298 quoque
1075 249 1238 298 iungere
1259 247 1368 287 fratri

146 304 329 357 Corpus;
360 310 401 344 et
431 304 590 344 erubuit
607 336 618 357 ‚
651 307 826 356 quamvis
857 307 982 358 sopita
1013 306 1185 346 iacebat.

147 362 318 403 Somnus
350 361 460 402 abit:
492 363 581 402 silet
611 362 676 402 illa
708 365 773 403 diu
792 396 803 416 ‚
835 366 1058 416 repetitque
1091 366 1234 416 quietis

145 421 233 473 Ipsa
265 433 358 461 suae
390 423 562 473 speciem
581 453 593 474 ‚
625 421 819 474 dubiaque
852 425 905 463 ita
937 429 1066 463 mente
1097 424 1300 475 profatur:

147 477 224 520 ‘Me
255 479 467 520 miseram!
499 482 639 520 tacitae
672 482 766 532 quid
797 481 880 521 vult
911 481 985 521 sibi
1016 483 1142 521 noctis
1173 483 1323 534 imago,

57 545 126 580 4¹15
147 539 274 585 Quam
304 538 425 578 nolim
457 545 540 578 rata
571 536 662 579 sit?
694 551 765 579 cur
796 539 891 580 haec
923 553 994 592 ego
1027 542 1175 580 somnia
1206 538 1318 580 vidi?

147 597 216 637 llle
249 597 408 649 quidem
438 603 499 636 est
530 597 654 637 oculis
687 601 861 649 quamvis
894 600 1089 639 formosus
1120 601 1289 652 iniquis,

146 655 197 696 Et
227 655 382 708 placet,
414 662 454 695 et
484 659 630 708 possim
649 689 660 709 ‚
693 659 726 696 si
757 669 834 696 non
867 659 917 696 sit
949 658 1069 697 frater
1087 689 1098 711 ‚
1130 670 1283 711 amare,

146 713 197 754 Et
228 726 290 754 me
323 714 464 767 dignus
496 723 607 755 erat.
647 727 781 755 verum
814 722 930 755 nocet
961 728 1047 756 esse
1079 728 1278 756 sororem.

147 772 367 813 Dummodo
400 773 475 813 tale
508 774 604 813 nihil
636 774 797 825 vigilans
831 776 1075 814 committere
1106 780 1318 828 temptem,

59 839 130 873 480
152 831 275 883 Saepe
307 832 401 871 licet
431 832 548 872 simili
579 833 714 872 redeat
744 833 817 873 sub
849 835 1015 885 imagine
1047 845 1231 873 somnus.

148 890 279 930 Testis
311 890 421 930 abest
451 903 587 930 somno
606 923 618 943 ,
649 903 722 930 nec
754 891 865 931 abest
894 894 1041 932 imitata
1072 892 1275 944 voluptas.

150 949 228 988 Pro
263 948 391 988 Venus
423 956 464 988 et
494 955 629 989 tenera
660 950 820 990 volucer
852 962 942 990 cum
973 957 1096 990 matre
1129 950 1303 1003 Cupido,

150 1007 299 1047 Gaudia
331 1013 476 1059 quanta
507 1007 608 1048 tuli!
641 1020 756 1059 quam
788 1021 850 1048 me
882 1010 1088 1048 manifesta
1119 1008 1238 1048 libido

151 1065 351 1117 Contigit!
384 1072 429 1106 ut
459 1068 558 1106 iacui
592 1069 685 1106 totis
718 1067 890 1107 resoluta
922 1066 1123 1107 medullis!

61 1133 130 1166 485
150 1124 201 1164 Ut
232 1126 457 1164 meminisse
490 1124 624 1165 iuvat!
659 1128 833 1177 quamvis
865 1125 994 1165 brevis
1026 1126 1089 1165 illa
1121 1125 1322 1178 voluptaS,

149 1183 314 1234 Noxque
345 1184 420 1223 fuit
450 1195 638 1236 praeceps
669 1190 710 1223 et
740 1186 889 1236 coeptis
919 1185 1049 1224 invida
1080 1186 1249 1224 nostris.

153 1241 215 1282 O!
248 1254 320 1293 ego
338 1273 350 1294 ,
382 1243 416 1281 si
446 1241 562 1282 liceat
591 1248 740 1282 mutato
773 1245 930 1282 nomine
961 1245 1093 1296 iungi,

151 1301 276 1348 Quam
296 1300 396 1339 bene
415 1331 427 1354 ,
453 1300 584 1340 Caune
603 1333 614 1354 ‚
639 1307 707 1340 tuo
733 1307 909 1353 poteram
935 1314 1059 1340 nurus
1086 1313 1173 1340 esse
1199 1298 1374 1353 parenti!

151 1360 276 1406 Quam
308 1358 409 1399 bene
426 1390 438 1412 ,
471 1358 601 1399 Caune
619 1391 631 1413 ‚
661 1372 748 1399 meo
769 1366 925 1411 poteras
951 1372 1072 1411 gener
1092 1371 1179 1398 esse
1199 1357 1375 1411 parenti!

63 1426 132 1460 490
153 1417 322 1470 Omnia,
353 1418 392 1457 di
423 1419 628 1471 facerent,
660 1425 792 1458 essent
823 1420 1043 1458 communia
1075 1417 1212 1470 nobiS,

152 1477 316 1517 Praeter
347 1488 439 1516 avos
459 1507 468 1516 .
507 1476 569 1527 [tu
601 1489 663 1516 me
694 1477 833 1516 vellem
864 1478 1093 1528 generosior
1126 1487 1234 1515 esses
1248 1474 1276 1526 .]

151 1535 293 1576 Nescio
326 1547 443 1586 quam
474 1535 593 1575 facies
624 1537 774 1589 igitur,
805 1535 1069 1587 pulcherrime
1089 1566 1099 1586 ,
1131 1540 1319 1574 matrem:

152 1595 203 1634 At
233 1593 330 1633 mihi
347 1625 359 1646 ‚
391 1606 490 1645 quae
510 1593 609 1633 male
631 1607 717 1633 sum
736 1626 746 1646 ‚
780 1606 877 1645 quos
909 1600 951 1634 tu
971 1625 982 1646 ‚
1014 1595 1152 1633 sortita
1171 1598 1378 1645 parentes,

152 1652 215 1692 Nil
234 1653 311 1692 nisi
331 1652 455 1692 frater
475 1654 553 1691 eris
575 1683 582 1691 .
616 1653 719 1703 quod
745 1652 858 1692 obest
875 1684 886 1704 ‚
918 1652 956 1692 id
983 1651 1212 1691 habebimus
1233 1663 1377 1690 unum.

66 1719 135 1752 495
157 1711 260 1757 Quid
293 1710 388 1750 mihi
420 1711 640 1762 significant
671 1723 764 1762 ergo
792 1723 877 1749 mea
908 1712 988 1749 visa
1007 1708 1028 1749 ⁴?
1049 1731 1104 1738 —
1125 1709 1228 1761 quod
1249 1715 1378 1748 autem

156 1770 315 1810 Somnia
344 1769 500 1821 pondus
532 1768 677 1808 habent
696 1767 717 1808 Ρ
750 1790 804 1797 -
837 1781 885 1807 an
917 1768 1062 1808 habent
1095 1774 1135 1807 et
1165 1769 1315 1807 somnia

1191 1823 1379 1877 pondus?

155 1887 202 1927 Di
233 1885 402 1927 melius!
435 1907 488 1916 -—
523 1887 562 1926 di
594 1899 734 1938 nempe
766 1898 856 1925 suas
888 1884 1061 1924 habuere
1094 1896 1274 1924 sorores.

156 1946 222 1985 Sic
255 1945 450 1986 Saturnus
482 1944 605 1997 Opem
624 1977 635 1998 ‚
668 1947 837 1984 iunctam
872 1944 946 1983 sibi
978 1945 1166 1995 sanguine
1186 1974 1198 1996 ,
1229 1942 1362 1982 duxit:

156 2004 337 2044 Oceanus
369 2004 522 2056 Tethyn
542 2035 553 2056 ‚
584 2004 773 2043 lunonem
805 2009 936 2042 rector
969 2002 1145 2053 Olympi.
1178 2022 1234 2029 —-

68 2070 138 2104 500
160 2062 262 2102 Sunt
293 2064 449 2115 superis
480 2074 550 2102 sua
582 2064 696 2102 iura.
735 2061 829 2113 quid
861 2061 907 2100 ad
940 2060 1121 2100 caelestia
1152 2061 1252 2099 ritus

155 2121 323 2173 Exigere
354 2121 546 2160 humanos
579 2121 810 2171 diversaque
843 2120 1000 2159 foedera
1032 2115 1216 2170 tempto?

156 2181 231 2219 Aut
265 2185 401 2220 nostro
433 2181 578 2219 vetitus
609 2179 658 2218 de
689 2178 809 2218 corde
841 2177 1040 2229 fugabitur
1071 2177 1211 2229 ardor,

156 2240 233 2279 Aut
264 2237 340 2278 hoc
370 2239 404 2277 si
436 2249 589 2289 nequeo
608 2269 620 2290 ,
650 2249 809 2289 peream
839 2248 982 2288 precor
1013 2241 1102 2275 ante
1121 2267 1132 2288 ,
1164 2241 1329 2286 toroque

156 2297 309 2337 Mortua
341 2309 553 2349 componar
571 2328 583 2349 ‚
620 2298 850 2348 positaeque
882 2295 949 2334 det
979 2294 1111 2334 oscula
1150 2294 1294 2333 frater.
1326 2313 1381 2322 -—

69 2362 136 2396 505
158 2355 207 2396 Et
239 2364 367 2396 tamen
401 2355 607 2395 arbitrium
639 2356 794 2408 quaerit
824 2366 888 2394 res
920 2355 994 2393 ista
1026 2353 1217 2392 duorum.
