1527 2580
581 119 648 155 XII
667 147 674 163 ,
702 122 887 155 282-355
905 147 911 153 .
1034 132 1205 155 mirum
1327 120 1410 161 247

188 228 315 268 Fusus
346 230 386 269 in
418 228 584 269 Ossaeae
618 228 762 269 villosis
794 228 960 281 pellibus
993 241 1128 268 ursae.

101 295 168 327 320
190 287 315 334 Quem
346 287 484 339 procul
517 294 559 326 ut
591 288 685 326 vidit
717 288 863 327 frustra
895 287 1000 327 nulla
1031 300 1137 327 arma
1169 293 1412 337 moventem,

188 346 331 386 Inserit
362 352 516 385 ament-o
549 345 720 398 digitos,
754 343 999 385 “miscenda'
1033 358 1108 398 que
1141 346 1237 385 dixit

188 402 301 444 ‘Cum
329 403 445 456 Styge
478 405 565 443 vina
596 401 738 443 bibas''
766 404 940 444 Phorbas
959 436 970 458 ,
1002 417 1074 444 nec
1100 404 1213 457 plura
1239 411 1411 444 moratus

188 463 230 502 In
264 465 444 502 iuvenem
477 464 590 502 torsit
621 463 790 502 iaculum
809 495 820 516 ‚
853 464 1075 515 ferrataque
1108 463 1206 502 collo

190 521 381 561 Fraxinus
400 553 411 574 ‚
443 527 486 561 ut
519 533 610 560 casu
643 523 763 561 iacuit
794 523 1005 574 resupinus
1024 554 1035 575 ,
1068 521 1201 561 adacta
1233 527 1314 561 est.

103 585 170 619 325
190 580 294 619 Mors
327 581 453 619 caruit
485 592 601 619 sensu
622 612 633 633 ‚
664 580 859 631 plenoque
892 593 913 619 e
945 586 1104 632 gutture
1137 580 1249 619 ssuxit

188 639 311 690 Inque
343 643 451 678 toros
483 640 601 689 inque
634 640 718 690 ipsa
749 640 861 690 niger
893 639 1093 678 carchesia
1126 639 1305 690 sanguis.

186 696 272 736 Vidi
304 709 375 748 ego
407 696 615 736 Petraeum
648 703 854 736 conantem
886 697 1028 736 vellere
1061 704 1165 736 terra

188 755 449 794 Glandii'eram
476 767 696 807 quercum:
729 768 844 807 quam
876 755 970 795 dum
1002 755 1269 807 complexibus
1295 755 1413 794 ambit

187 813 238 853 Et
269 815 394 865 quatit
424 814 501 853 huc
532 813 625 853 illuc
643 846 655 866 ‚
687 814 953 866 labefactaque
981 814 1123 854 robora
1155 816 1282 866 iactat,

101 880 168 912 330
188 872 339 912 Lancea
370 872 536 911 Pirithoi
569 874 687 912 costis
720 874 879 912 inmissa
910 873 1066 912 Petraei

186 931 352 971 Pectora
385 943 473 970 cum
506 931 605 970 duro
637 931 823 970 luctantia
855 931 996 971 robore
1029 933 1134 971 fixit.

186 989 352 1028 Pirithoi
384 991 528 1028 virtute
560 989 708 1041 Lycum
740 989 928 1029 cecidisse
962 990 1163 1042 ferebant,

186 1047 352 1087 Pirithoi
383 1049 527 1087 virtute
561 1047 775 1087 Chromin.
814 1049 882 1087 sed
915 1054 1082 1100 uterque
1115 1050 1308 1087 minorem

186 1105 334 1145 Victori
367 1106 525 1146 titulum
557 1119 674 1157 quam
705 1106 836 1159 Dictys
869 1106 1092 1159 Helopsque
1125 1106 1341 1146 dederunt.

102 1172 169 1204 335
190 1165 309 1204 Fixus
341 1164 486 1216 Helops
518 1165 643 1204 iaculo
663 1197 674 1218 ‚
707 1166 810 1216 quod
842 1167 975 1217 pervia
1006 1171 1183 1217 tempora
1216 1166 1330 1218 fecit,

189 1222 240 1262 Et
271 1225 434 1263 missum
467 1235 487 1262 a
519 1223 656 1263 dextra
688 1224 833 1263 laevam
865 1225 1085 1275 penetravit
1117 1224 1163 1262 ad
1197 1235 1353 1262 aurem.

187 1281 319 1333 Dictys
351 1281 398 1321 ab
431 1283 591 1333 ancipiti
622 1282 803 1334 delapsus
836 1284 1014 1322 acumine
1046 1283 1213 1334 montis,

187 1339 288 1379 Dum
320 1340 420 1392 fugit
450 1342 661 1380 instantem
694 1341 893 1393 trepidans
925 1341 1058 1380 Ixione
1091 1346 1248 1392 natum,

187 1398 339 1438 Decidit
369 1400 410 1438 in
441 1411 630 1451 praeceps
649 1431 660 1452 ,
692 1405 731 1438 et
761 1399 935 1451 pondere
967 1401 1145 1451 corporis
1177 1410 1318 1438 ornum

100 1465 167 1496 340
187 1457 390 1508 Ingentem
422 1458 567 1510 fregit,
600 1470 747 1509 suaque
779 1458 907 1497 induit
938 1458 1002 1496 ilia
1034 1459 1202 1497 fractae.

186 1515 299 1554 Ultor
330 1515 440 1555 adest
470 1516 673 1567 Aphareus
692 1548 703 1568 ‚
735 1528 950 1568 saxumque
989 1529 1010 1555 e
1042 1521 1175 1555 monte
1214 1515 1412 1555 revulsum

186 1573 341 1613 Mittere
374 1580 567 1613 conatur.
605 1576 827 1614 mittentem
860 1576 992 1626 stipite
1026 1587 1177 1626 querno

187 1631 364 1684 Occupat
394 1632 589 1686 Aegides,
622 1632 822 1684 cubitique
855 1634 1027 1684 ingentia
1059 1633 1203 1684 frangit

188 1689 315 1743 Ossa3
347 1702 420 1729 nec
452 1690 619 1730 ulterius
652 1691 743 1730 dare
777 1703 921 1742 corpus
953 1691 1090 1730 inutile
1123 1691 1200 1730 leto

99 1755 166 1787 345
187 1749 264 1787 Aut
295 1754 432 1801 vacat,
465 1754 531 1787 aut
563 1755 705 1801 curat,
738 1755 927 1800 tergoque
960 1748 1138 1788 Bienoris
1171 1749 1237 1788 alti

186 1806 341 1860 Insilit,
372 1806 474 1846 haud
508 1807 620 1846 solito
654 1819 889 1858 quemquam
921 1813 1079 1858 portare
1111 1808 1187 1846 nisi
1218 1809 1370 1859 ipsum3

189 1865 462 1917 Opposuitque
495 1878 597 1917 genu
631 1867 750 1904 costis
769 1897 780 1918 ‚
811 1878 1074 1917 prensamque
1107 1867 1264 1905 sinistra

187 1923 407 1963 Caesariem
440 1925 615 1963 retinens
634 1955 645 1977 ‚
677 1924 827 1963 vultum
859 1926 1157 1975 minitantiaque
1189 1936 1255 1963 ora

186 1981 341 2021 Robore
373 1982 522 2021 nodoso
554 1982 826 2034 praeduraque
858 1988 1034 2034 tempora
1067 1983 1205 2034 fregit.

98 2045 166 2079 350
186 2039 342 2079 Robore
374 2040 620 2092 Nedymnum
653 2041 984 2092 iaculatoremque
1016 2040 1187 2092 Lycotan

187 2098 366 2150 Sternit,
399 2105 438 2138 et
468 2101 628 2138 inmissa
659 2105 882 2151 protectum
913 2104 1073 2151 pectora
1104 2099 1224 2138 barba

186 2156 384 2208 Hippason
403 2188 415 2210 ,
448 2163 488 2196 et
519 2159 682 2197 summis
715 2163 912 2197 extantem
944 2157 1094 2210 Riphea
1125 2158 1256 2211 silvis,

185 2214 416 2266 Thereaque
435 2247 446 2267 ,
478 2215 702 2255 Haemoniis
735 2217 801 2267 qui
833 2228 997 2268 prensos
1030 2216 1228 2256 montibus
1260 2228 1375 2256 ursos

185 2272 306 2313 Ferre
338 2273 497 2312 domum
529 2275 635 2313 vivos
667 2274 993 2326 indignantesque
1027 2274 1198 2314 solebat.

97 2338 164 2371 355
186 2331 297 2371 Haud
329 2331 419 2372 tulit
449 2337 625 2372 utentem
657 2345 810 2385 pugnae
843 2333 1092 2373 successibus
1125 2333 1228 2373 ultra
