1527 2580
593 130 640 166 Vl
657 158 666 175 ,
691 135 877 166 335—408
892 158 899 166 .
1042 144 1194 167 ›unsns
1333 132 1411 173 117

195 239 308 280 Nunc
339 241 517 293 proferre
550 249 694 293 caput;
726 254 877 281 summo
911 241 1024 281 modo
1055 244 1208 293 gurgite
1242 255 1356 294 nare,

197 299 321 351 Saepe
355 311 473 351 super
505 301 628 351 ripam
662 303 786 352 stagni
818 302 1033 340 consistere
1053 333 1064 353 ‚
1096 313 1210 352 saepe

196 358 238 398 ln
271 358 419 410 gelidos
450 358 602 398 resilire
630 359 763 398 lacus.
802 360 869 399 sed
903 371 1006 399 nunc
1039 371 1195 410 quoque
1229 366 1362 410 turpes

108 425 176 457 375
197 416 348 456 Litibus
380 424 566 456 exercent
597 417 748 469 linguas
767 450 777 469 ‚
809 418 999 470 pulsoque
1033 417 1207 470 pudore,

197 476 380 522 Quamvis
400 477 478 515 sint
497 475 570 514 sub
591 488 712 528 aqua,
739 476 811 516 sub
832 489 929 528 aqua
952 477 1182 516 maledicere
1204 483 1415 528 temptant.

196 534 277 574 Vox
297 546 455 586 quoque
474 536 549 574 iam
572 547 687 574 rauca
708 542 790 588 est,
817 536 1025 588 inflataque
1052 535 1147 575 colla
1169 541 1417 586 tumescunt,

197 593 362 645 ipsaque
395 593 556 633 dilatant
586 594 738 645 patulos
772 596 946 634 convicia
978 597 1123 634 rictus.

195 651 322 703 Terga
354 659 472 704 caput
502 659 695 704 tangunt,
729 652 825 692 colla
856 655 1074 705 intercepta
1108 653 1312 699 videntur;

109 718 176 750 380
197 710 318 762 Spina
348 712 477 762 viret3
509 717 645 750 venter
664 744 674 763 ⁷
706 724 796 763 pars
828 714 992 751 maxima
1019 713 1195 764 corporis
1215 744 1225 763 ‚
1257 711 1382 751 albet:

197 769 432 821 Limosoque
465 782 586 809 novae
618 770 762 810 saliunt
792 772 832 810 in
865 773 1018 822 gurgite
1052 783 1166 809 ranae
1183 768 1224 809 .”

256 827 321 868 Sic
352 827 420 867 ubi
452 830 584 868 nescio
616 830 704 880 quis
736 829 850 881 Lycia
882 829 929 868 de
962 836 1078 880 gente
1110 831 1284 868 virorum

197 887 363 926 Rettulit
393 888 555 926 exitium
574 919 585 940 ,
618 890 737 939 satyri
769 890 1038 927 reminiscitur
1070 888 1190 940 alter,

197 946 323 992 Quem
353 945 576 985 Tritoniaca
608 945 752 985 Latous
783 947 1001 985 harundine
1034 948 1179 986 victum

109 1012 176 1044 385
196 1005 336 1043 Affecit
367 1016 520 1056 poena.
560 1003 667 1056 ‘quid
701 1017 761 1044 me
795 1005 888 1044 mihi
919 1004 1092 1044 detrahis
1112 1002 1149 1044 *θ’
1181 1006 1331 1056 inquit:

198 1060 274 1102 ‘At
305 1064 441 1116 piget,
473 1063 521 1102 a!
555 1075 633 1102 non
667 1060 740 1102 est'
773 1063 963 1103 clamabat
995 1060 1104 1102 ‘tibia
1136 1065 1233 1102 tanti
1248 1060 1272 1102 1’

197 1121 387 1161 Clamanti
418 1123 519 1162 cutis
551 1128 611 1163 est
643 1134 816 1161 summos
848 1122 1000 1173 direpta
1032 1134 1103 1174 per
1134 1127 1266 1174 artus,

197 1180 278 1219 Nec
298 1181 507 1232 quicquam
527 1182 604 1220 nisi
623 1181 764 1220 vulnus
785 1187 868 1220 erat
888 1212 896 1219 .
929 1193 1047 1220 cruor
1075 1180 1247 1232 undique
1269 1186 1418 1234 manat,

197 1239 427 1290 Detectique
458 1245 593 1291 patent
624 1241 764 1291 nervi,
796 1239 1048 1291 trepidaeque
1081 1241 1164 1278 sine
1197 1239 1273 1279 ulla

110 1306 176 1337 390
197 1297 302 1337 Pelle
334 1299 480 1337 micant
510 1309 659 1350 venae3
690 1298 865 1337 salientia
896 1299 1045 1337 viscera
1076 1299 1209 1350 possis¹

196 1355 248 1396 Et
277 1355 527 1408 perlucentes
559 1368 767 1396 numerare
798 1358 839 1396 in
871 1362 1031 1408 pectore
1064 1355 1203 1395 fibras.

197 1414 310 1455 Illum
342 1415 534 1454 ruricolae
553 1447 564 1468 ,
597 1415 782 1455 silvarum
813 1417 1002 1467 numina,
1034 1414 1155 1454 Fauni

197 1473 248 1513 Et
277 1475 397 1525 satyri
428 1475 570 1513 fratres
603 1480 643 1513 et
673 1480 768 1513 tunc
800 1486 956 1525 quoque
989 1485 1104 1513 carus
1137 1472 1323 1525 Olympus

198 1531 248 1572 Et
279 1532 471 1584 nymphae
503 1532 678 1584 flerunt,
709 1538 750 1572 et
780 1534 959 1584 quisquis
991 1531 1190 1571 montibus
1221 1532 1296 1571 illis

111 1599 178 1631 395
199 1590 491 1643 Lanigerosque
524 1603 662 1643 greges
695 1597 948 1642 armentaque
981 1591 1126 1630 bucera
1158 1592 1284 1642 pavit.

198 1649 356 1689 Fertilis
386 1649 607 1703 inmaduit,
639 1650 932 1701 madefactaque
965 1656 1070 1689 terra
1102 1649 1268 1688 caducas

198 1708 388 1760 Concepit
417 1708 598 1748 lacrimas
630 1720 674 1756 ac
706 1710 814 1748 venis
845 1707 1018 1760 perbibit
1048 1709 1159 1747 imis:
1293 1715 1320 1741 r.
1341 1715 1420 1741 xcu-

199 1767 305 1813 Quas
337 1766 404 1806 ubi
435 1767 530 1806 fecit
561 1779 729 1820 aquam,
761 1779 900 1806 vacuas
933 1768 1063 1806 emisit
1093 1768 1132 1805 in
1166 1777 1302 1804 auras.

198 1825 293 1864 Inde
324 1830 463 1877 petens
496 1825 675 1877 rapidum
707 1827 802 1877 ripis
835 1824 1050 1864 declivibus
1082 1836 1229 1875 aequor

111 1892 179 1924 400
199 1883 349 1936 Marsya
381 1896 523 1924 nomen
555 1883 672 1923 habet
689 1916 701 1937 ‚
732 1884 922 1936 Phrygiae
953 1882 1236 1934 liquidissimus
1275 1883 1420 1922 amnis.

256 1941 416 1982 Talibus
448 1942 642 1994 extemplo
676 1943 777 1982 redit
808 1943 854 1982 ad
886 1943 1106 1994 praesentia
1139 1941 1252 1981 dictis

198 2000 346 2052 Vulgus
365 2033 376 2054 ,
407 2007 448 2041 et
479 2003 695 2041 extinctum
728 2013 817 2041 cum
850 2003 972 2052 stirpe
1004 2000 1220 2052 Amphiona
1251 1999 1380 2050 luget.

199 2059 322 2098 Mater
353 2061 393 2098 in
425 2060 568 2100 invidia
600 2066 687 2099 est.
726 2060 825 2099 hanc
852 2065 945 2098 tunc
972 2071 1128 2110 quoque
1156 2058 1300 2098 dicitur
1320 2070 1422 2097 unus

198 2117 331 2157 Flesse
361 2117 504 2170 Pelops
522 2149 532 2169 ‚
565 2130 781 2170 umeroque
800 2150 811 2170 ,
843 2129 933 2157 suas
964 2130 985 2156 a
1024 2124 1185 2169 pectore
1216 2123 1422 2169 postquam

111 2183 178 2216 405
199 2175 358 2216 Diduxit
388 2183 517 2216 vestes
536 2208 547 2228 ,
579 2176 678 2216 ebur
711 2176 930 2216 ostendisse
963 2178 1145 2215 sinistro.

199 2234 392 2274 Concolor
423 2234 487 2274 hic
518 2247 680 2274 umerus
712 2235 898 2274 nascendi
930 2241 1108 2287 tempore
1139 2234 1277 2274 dextro

199 2292 501 2345 Corporeusque
535 2294 636 2332 suit.
674 2292 854 2333 manibus
886 2305 974 2333 mox
1007 2305 1118 2333 caesa
1150 2294 1324 2345 paternis

197 2350 369 2391 Membra
392 2352 524 2391 ferunt
544 2352 717 2391 iunxisse
739 2351 856 2391 deos.
883 2351 1047 2403 aliisque
1067 2353 1236 2403 repertis
1248 2383 1259 2402 ‚
1297 2359 1322 2383 f·
1336 2358 1424 2384 xciii·
