1518 2501
303 87 474 111 munuum
665 70 879 106 METAMM
893 96 904 107 .

232 184 466 224 Dissimilem
498 182 641 234 populo
672 181 867 232 promittit
897 181 1046 231 origine
1078 181 1198 219 mira.

234 244 390 294 Iamque
423 247 507 280 erat
536 242 576 279 in
608 244 709 278 totas
740 250 950 290 sparsurus
982 239 1142 277 fulmina
1173 244 1323 279 terras:

235 301 309 340 Sed
344 302 501 351 timuit,
533 311 580 337 ne
613 298 713 336 forte
746 309 856 336 sacer
882 302 940 336 tot
971 296 1017 336 ab
1048 297 1204 348 ignibus
1230 297 1364 336 aether

148 368 214 399 255
236 360 469 410 Conciperet
493 357 665 395 flammas
683 388 694 409 ,
726 356 945 407 longusque
978 355 1202 394 ardesceret
1232 357 1337 394 axis.

234 418 330 456 Esse
363 428 517 467 quoque
548 417 588 454 in
621 415 708 453 fatis
740 415 1036 466 reminiscitur,
1068 413 1200 452 adfore
1233 419 1412 467 tempus,

234 477 318 522 Quo
351 487 456 514 mare
475 505 486 526 ‚
518 485 595 524 quo
627 473 743 512 tellus
775 478 1034 524 correptaque
1061 474 1167 523 regia
1199 472 1295 511 caeli

233 534 376 572 Ardeat
406 538 446 571 et
477 532 611 570 mundi
642 531 763 570 moles
795 543 960 582 operosa
990 530 1163 570 laboret.

233 592 324 631 Tela
356 595 603 642 reponuntur
634 589 813 628 manibus
845 589 1031 628 fabricata
1064 589 1299 641 Cyclopum.

146 659 212 690 260
233 651 362 689 Poena
392 649 519 701 placet
550 648 700 687 diversa
720 680 731 700 7
763 660 886 699 genus
919 647 1081 686 mortale
1115 647 1187 686 sub
1219 647 1335 686 undis

232 708 402 747 Perdere
429 713 468 746 et
499 720 546 746 ex
578 708 683 745 omni
714 706 867 745 nimbos
899 706 1106 745 demittere
1139 706 1269 745 caelo.

232 767 417 806 Protinus
448 766 591 804 Aeoliis
623 764 854 815 Aquilonem
887 764 1030 803 claudit
1060 766 1102 803 in
1134 766 1258 803 antris

231 825 281 864 Et
312 836 581 876 quaecumque
613 824 748 874 fugant
778 823 957 862 inductas
989 822 1144 861 flamina
1175 821 1325 875 nubes,

233 883 462 933 Emittitque
495 882 666 921 Notum.
706 881 869 920 madidis
894 881 1018 920 Notus
1051 880 1177 920 evola-t
1207 880 1300 933 alis,

145 949 212 980 265
233 941 466 980 Terribilem
496 942 607 992 picea
638 945 766 979 tectus
799 939 961 991 ealigine
992 939 1166 979 vultum:

234 999 359 1038 Barba
389 1001 516 1050 gravis
547 998 689 1037 nimbis
707 1030 718 1051 ,
750 999 857 1037 canis
887 997 975 1037 fluit
1005 997 1110 1037 unda
1141 997 1312 1051 capillis,

232 1058 377 1096 Fronte
411 1057 546 1096 sedent
579 1056 743 1095 nebulae
762 1088 773 1109 ,
805 1061 941 1095 rorant
971 1068 1202 1107 pennaeque
1240 1058 1429 1109 sinusque

231 1116 359 1166 thue
386 1127 502 1154 manu
533 1115 609 1153 lata
639 1115 850 1165 pendentia
881 1114 1013 1152 nubila
1043 1116 1212 1167 pressit,

231 1174 293 1213 Fit
324 1174 455 1224 fragor
473 1205 484 1226 ‚
515 1172 657 1211 inclusi
688 1173 908 1212 funduntur
939 1172 986 1211 ab
1019 1172 1176 1212 aethere
1208 1172 1353 1212 nimbi.

145 1240 211 1271 270
232 1232 376 1270 Nuntia
406 1231 566 1270 Iunonis
598 1232 724 1269 varios
756 1230 892 1270 induta
923 1231 1075 1270 colores

233 1290 412 1341 Concipit
442 1289 515 1328 Iris
547 1301 665 1340 aquas
684 1321 695 1342 ‚
727 1289 986 1340 alimentaque
1012 1288 1184 1328 nubibus
1216 1289 1364 1329 adfert.

234 1348 474 1388 Sternuntur
506 1352 658 1399 segetes
690 1353 730 1386 et
761 1348 960 1398 deplorata
993 1347 1122 1386 coloni

233 1406 328 1446 Vota
358 1408 515 1458 iacent,
546 1406 730 1457 longique
760 1407 864 1457 perit
893 1406 1003 1445 labor
1034 1407 1170 1445 irritus
1204 1408 1317 1446 anni.

233 1465 313 1504 Nec
345 1465 451 1503 caelo
484 1469 667 1503 contenta
699 1477 770 1503 suo
803 1470 864 1503 est
893 1464 994 1503 Iovis
1024 1465 1111 1518 ira,
1145 1465 1213 1504 sed
1243 1465 1354 1504 illum

146 1530 212 1562 275
233 1522 445 1562 Caeruleus
477 1524 599 1562 frater
629 1525 735 1562 iuvat
766 1523 1018 1562 auxiliaribus
1050 1522 1189 1562 undis.

234 1581 430 1620 Convocat
460 1581 524 1620 hic
556 1593 717 1620 amnes.
757 1583 825 1632 qui
855 1586 1063 1633 postquam
1094 1586 1198 1621 tecta
1227 1583 1383 1634 tyranni

231 1639 430 1678 Intravere
465 1641 525 1678 sui
543 1671 555 1692 7
588 1637 681 1678 ‘non
713 1645 774 1678 est
803 1640 1023 1679 hortamine
1055 1639 1171 1691 longo

231 1694 360 1736 Nunc'
392 1699 446 1737 ait
477 1695 683 1737 ‘utendum
703 1729 711 1737 .
749 1700 852 1737 vires
885 1698 1072 1738 effundite
1103 1704 1278 1751 vestras,

234 1756 298 1794 Sic
330 1768 428 1807 opus
460 1761 548 1795 est.
587 1758 735 1808 aperite
768 1757 904 1795 domos
927 1789 938 1810 ‚
970 1769 1014 1796 ac
1045 1756 1147 1796 mole
1178 1763 1328 1796 remota

141 1821 207 1853 280
226 1814 470 1853 Fluminibus
501 1816 642 1854 vestris
674 1819 775 1853 totas
805 1816 991 1854 inmittite
1022 1812 1234 1854 habenas.'

233 1872 432 1911 Iusserat.
464 1873 505 1911 hi
536 1873 733 1926 redeunt,
765 1885 809 1912 ac
841 1873 1116 1925 fontibiwa
1146 1873 1346 1927 relaxant,

232 1929 282 1968 Et
313 1930 512 1970 defrenato
544 1931 752 1971 volvuntur
783 1933 824 1970 in
856 1944 1026 1983 aequora
1057 1944 1199 1972 cursu.

233 1987 320 2038 Ipse
355 1988 522 2028 tridente
554 2002 624 2029 suo
657 1995 803 2029 terram
834 1992 1060 2041 percussit.
1100 1996 1139 2030 at
1169 1989 1232 2030 illa

234 2045 440 2085 Intremuit
471 2053 657 2099 motuque
690 2050 769 2087 via-s
800 2049 986 2100 patefecit
1017 2061 1229 2100 aquarum.

147 2110 214 2142 285
234 2103 457 2154 Exspatiata
488 2112 609 2145 ruunt
639 2119 710 2158 per
743 2112 898 2158 apertos
929 2107 1090 2146 flumina
1121 2120 1302 2160 campos,

235 2161 410 2213 Cumque
438 2165 530 2202 satis
563 2164 721 2204 arbusta
754 2165 869 2205 simul
899 2166 1150 2217 pecudesque
1182 2168 1367 2217 virosque

233 2219 431 2271 Tectaque
449 2253 461 2273 ‚
493 2234 660 2274 cumque
694 2225 775 2262 suis
801 2225 960 2276 rapiunt
990 2224 1205 2277 penetralia
1236 2226 1380 2264 sacris.

236 2277 354 2329 Siqua
387 2279 525 2318 domus
557 2282 699 2320 mansit
729 2284 934 2334 potuitque
965 2285 1151 2323 resistere
1182 2288 1290 2322 tanto
