1554 2506
114 93 194 135 114
342 103 509 127 momnu:
658 87 871 124 METAMM
885 115 892 123 .

226 201 393 241 Ultimus
425 200 594 239 Ilioneus
620 211 697 238 non
730 198 954 250 profectura
986 199 1181 250 precando

226 260 411 299 Bracchia
443 257 683 309 sustulerat,
716 253 785 295 ‘di'
818 269 892 307 que
927 254 964 295 ‘o
991 258 1251 296 communiter
1271 268 1406 297 omnes
1419 255 1444 310 ‚⁵

227 319 411 371 Dixerat,
443 319 602 368 ignarus
635 327 711 354 non
744 327 880 354 omnes
912 327 998 354 esse
1030 316 1246 369 rogandos,

227 375 395 416 ‘Parcite
415 372 440 414 !'
473 381 601 413 motus
635 380 746 427 erat,
778 385 867 413 cum
898 375 974 413 iam
1006 373 1223 413 revocabile
1257 373 1376 414 telum

140 443 205 475 265
227 435 284 474 No
346 436 418 473 suit
435 465 446 486 ‚
479 434 729 472 arcitenens.
767 434 927 472 minimo
960 438 1089 472 tamen
1121 432 1264 472 occidit
1294 432 1358 472 ille

227 447 424 550 Vussiere,
456 503 535 531 non
567 491 861 543 altepercusso
895 491 1012 530 corde
1045 493 1206 543 sagitta.

285 551 400 590 Fama
432 550 521 589 mali
552 549 764 602 populique
797 549 907 589 dolor
933 550 1193 602 lacrimaeque
1226 562 1389 590 suorum

227 610 322 650 Tam
356 608 505 649 subitae
539 615 703 649 matrem
736 614 883 648 certam
915 609 1044 649 fecere
1076 610 1213 648 ruinae

226 669 432 708 Mirantem
464 669 639 720 potuisse
658 699 669 721 ‚
701 669 1044 720 irascentemque,
1077 668 1181 719 quod
1213 669 1297 707 ausi

141 737 207 768 270
227 727 309 766 Hoc
342 732 475 766 essent
492 758 503 780 ‚
535 729 669 778 superi
702 726 805 778 quod
837 731 988 765 tantum
1019 727 1117 765 iuris
1148 725 1359 765 haberent.

226 786 323 826 Nam
354 791 465 838 pater
496 785 689 837 Amphion
722 785 827 824 ferro
859 796 929 836 per
960 790 1099 836 pectus
1131 783 1266 824 adacto

227 845 399 885 Finierat
430 846 602 883 moriens
633 845 781 896 pariter
813 856 902 883 cum
932 843 1020 882 luce
1053 843 1248 882 dolorem.

227 903 314 943 Heu
347 908 535 955 quantum
567 902 663 942 haec
694 902 817 941 Niobe
849 900 972 941 Niobe
1005 901 1172 942 distabat
1203 902 1249 941 ab
1281 902 1367 953 illa,

228 963 335 1009 Quae
368 962 482 1001 modo
514 961 644 1001 Latois
675 961 864 1013 populum
895 967 1159 1000 summoverat
1185 962 1261 1000 aris

141 1030 207 1061 275
227 1021 277 1061 Et
309 1021 474 1060 mediam
506 1020 650 1060 tulerat
680 1031 840 1071 gressus
872 1021 1057 1071 resupina
1088 1032 1160 1072 per
1191 1019 1354 1072 urbem,

227 1080 421 1119 Invidiosa
454 1080 565 1131 suls3
598 1085 636 1117 at
667 1090 772 1117 nunc
804 1078 1025 1117 miseranda
1056 1077 1116 1117 vel
1148 1077 1274 1117 hosti.

229 1137 469 1190 Corporibus
500 1137 637 1189 gelidis
669 1136 890 1189 incumbit,
923 1142 962 1175 et
991 1136 1129 1175 ordine
1161 1135 1267 1176 nullo

229 1197 371 1237 Oscula
405 1197 605 1248 dispensat
636 1200 748 1234 natos
779 1206 963 1246 suprema
994 1207 1066 1246 per
1098 1207 1256 1234 omnes.

228 1257 257 1294 Α
291 1255 434 1307 quibus
465 1254 511 1294 ad
544 1253 694 1294 caelum
725 1254 882 1293 liventia
913 1253 1093 1293 bracchia
1126 1253 1264 1293 tollens

142 1323 208 1354 280
230 1312 412 1353 ‘Pascere
431 1346 442 1366 ‚
475 1312 646 1353 crudelis
665 1344 675 1366 ‚
707 1318 842 1352 nostro
861 1344 872 1364 ‚
904 1311 1050 1351 Latona
1068 1344 1079 1365 ‚
1112 1311 1245 1351 dolore
1265 1343 1275 1365 ,

231 1368 431 1424 [Pascere'
464 1373 546 1424 ait,
579 1369 768 1422 ‘satiaque
801 1383 887 1410 meo
922 1377 990 1410 tua
1021 1376 1181 1423 pectora
1212 1370 1321 1410 luctu
1335 1369 1363 1421 ε]

231 1432 385 1483 Corque
418 1431 545 1470 ferum
578 1431 673 1469 satia
693 1427 717 1469 1’
751 1430 848 1469 dixit
880 1427 965 1481 ‘per
997 1430 1135 1469 funera
1167 1435 1318 1481 septem

229 1490 411 1530 Efferor.
450 1489 608 1542 exulta,
640 1490 858 1539 victrixque
889 1489 1046 1528 inimica
1072 1488 1293 1540 triumpha.

231 1549 310 1589 Cur
342 1554 473 1588 autem
506 1549 644 1587 victrix
664 1545 686 1586 ‘2
717 1548 883 1588 miserae
916 1547 1011 1586 mihi
1041 1546 1155 1599 plura
1186 1553 1422 1599 supersunt,

144 1616 209 1649 285
232 1608 356 1654 Quam
389 1606 459 1646 tihi
491 1606 623 1645 felici.
661 1611 750 1658 post
782 1610 841 1645 tot
871 1617 1027 1657 quoque
1059 1606 1199 1645 funera
1230 1603 1381 1645 vinco.'

231 1666 419 1718 Dixerat,
452 1672 490 1705 et
521 1666 654 1704 sonuit
685 1669 870 1704 contento
903 1676 1048 1704 nervus
1080 1664 1127 1704 ab
1159 1676 1278 1704 arcu:

231 1726 308 1771 Qui
339 1731 496 1776 praeter
527 1720 678 1762 Nioben
711 1735 828 1763 unam
860 1724 1080 1762 conterruit
1110 1735 1268 1762 omnes.

232 1783 299 1823 Illa
332 1783 431 1822 malo
464 1788 524 1822 est
555 1781 707 1821 audax.
746 1780 901 1821 stabant
931 1787 1030 1821 eum·
1052 1781 1228 1821 vestibus
1259 1782 1354 1822 atris

231 1843 332 1882 Ante
364 1848 472 1881 toros
504 1842 672 1880 fratrum
703 1840 872 1880 demisso
904 1841 1013 1880 crine
1045 1852 1226 1880 sorores:

146 1909 213 1940 290
232 1900 263 1939 E
298 1900 439 1951 quibus
471 1912 548 1939 una
581 1899 741 1939 trahens
771 1898 974 1938 haerentia
1004 1900 1155 1943 viscere
1187 1898 1261 1938 tela

234 1959 405 2010 Inposito
438 1959 550 1999 fratri
581 1957 814 1997 moribunda
845 1957 1039 2009 relanguit
1070 1969 1162 1997 ore:

233 2017 363 2056 Altera
396 2017 512 2056 solari
544 2019 725 2056 miseram
751 2022 888 2056 conata
919 2023 1122 2068 parentem

234 2075 432 2115 Conticuit
464 2075 594 2115 subito
613 2107 624 2129 ‚
656 2075 929 2127 duplicataque
960 2075 1122 2114 vulnere
1154 2086 1270 2114 caeco
1302 2080 1385 2114 est:

236 2133 411 2186 [Oraque
443 2135 705 2186 compressit,
737 2135 812 2173 nisi
843 2140 1051 2185 postquam
1082 2134 1244 2186 spiritus
1275 2132 1354 2172 ibat
1368 2131 1395 2183 .]

148 2201 215 2233 295
235 2192 340 2232 Haec
373 2193 519 2232 frustra
552 2193 705 2243 fugiens
738 2192 974 2232 collabitur:
1006 2192 1070 2232 illa
1100 2193 1228 2231 sorori

235 2251 478 2291 inmoritur:
510 2250 603 2290 latet
634 2251 759 2291 haec:
790 2251 894 2290 illam
925 2251 1123 2303 trepidare
1154 2250 1327 2289 videres.

237 2309 392 2362 Sexque
426 2309 525 2348 datis
556 2308 634 2348 leto
667 2310 899 2361 diversaque
930 2310 1091 2349 vulnera
1121 2310 1246 2362 passis
