1507 2580
1305 110 1392 146 XXI

48 225 141 262 uota
181 223 278 271 facit
319 223 445 262 MLE:
490 224 717 273 corruptela
761 224 844 262 eius
887 223 970 262 fere
1015 223 1122 260 modi
1159 223 1254 260 mihi
1294 223 1390 271 visa,

51 282 185 332 qualia
214 282 256 320 in
285 282 326 320 M
357 282 377 320 I
404 283 485 320 746
520 283 682 330 liniyera
712 283 892 330 niliqcra,
924 281 1066 320 11485
1101 285 1227 320 tamen
1256 286 1394 328 mawct,

50 341 185 379 v276
222 341 340 379 milite
376 341 510 385 limite,
553 349 621 379 VII
648 342 732 379 476
766 341 924 389 Expetit
953 340 1110 388 Excipit
1151 341 1233 378 763
1273 339 1394 378 Pestis

51 397 187 446 Gessit,
219 407 305 437 VIII
327 400 409 438 775
447 400 606 447 funibus
644 401 829 443 nubibus,
870 407 917 437 IX
939 400 1022 437 387
1061 402 1195 437 natum
1232 401 1394 440 tantam,

49 465 81 495 X
100 458 185 497 493
222 458 254 496 it
276 459 318 496 in
366 459 454 504 init,
491 466 578 496 XIII
603 459 682 495 122
716 459 847 496 relatis
880 459 1048 501 lacertis,
1081 466 1162 496 xlv
1183 459 1236 496 97
1269 457 1394 495 uelato

50 516 187 563 leuato,
230 516 273 553 111
313 516 403 555 aliis
434 525 498 554 XV
519 517 602 554 818
643 517 782 555 locetur
820 517 978 560 colatur,
1023 517 1107 554 834
1148 518 1249 564 reqet
1281 518 1393 564 yerct.

171 571 254 613 183
291 582 432 614 Nums
474 582 657 614 uMERos
702 582 869 614 INFUSA
914 581 1138 613 CAPILLIS.
1200 573 1264 612 edi
1307 585 1394 612 eon-

51 633 184 672 suevit
218 633 343 672 nudos
378 635 589 672 umeris—
607 635 782 682 capillos,
821 634 948 683 qualis
981 635 1043 672 est
1073 634 1114 671 in
1144 633 1185 670 M
1216 632 1394 671 confusio

50 699 101 729 XI
124 691 206 730 175
244 700 326 730 XIV
347 693 414 730 97.
475 692 636 730 restitui
672 693 858 742 loquendi
897 704 1021 742 genus
1059 692 1396 741 vulgatissimum,

51 752 97 788 ut
139 752 203 789 est
245 758 277 788 X
303 751 388 789 432
439 759 489 789 XI
516 752 554 789 3.
615 751 685 789 sed
727 753 789 789 est
832 751 940 789 aliud
985 749 1082 789 satis
1127 749 1396 798 memorabile,

52 808 158 858 quod
189 808 320 846 fraudi
356 809 434 847 fuit
465 809 667 859 Bentleio,
705 809 772 859 qui
808 809 1056 858 improbasse
1095 809 1238 847 dicitur
1270 817 1318 847 VI
1339 808 1392 846 59

51 869 265 915 cinctaeque
302 868 354 906 acl
388 871 548 915 pectora
583 871 715 910 vestes,
764 868 968 918 geminum
1004 868 1123 916 plane
1162 869 1232 906 aut
1267 866 1396 905 adfine

51 926 131 964 his:
162 933 195 964 X
215 926 299 964 536
331 928 469 965 vas-tem
486 928 566 964 ritu
590 929 782 965 succincta
800 927 967 974 Diamae,
1000 934 1048 964 IV
1069 927 1151 964 511
1185 928 1397 973 sumptum-

51 995 122 1032 que
150 985 360 1032 recinqitwr
389 996 563 1033 anquem,
596 993 626 1022 V
647 986 731 1024 338
763 986 953 1024 immissos
983 985 1122 1023 hedera
1153 985 1305 1023 collecta
1336 995 1396 1022 ca-

50 1043 182 1092 pillos,
213 1051 244 1080 V
265 1043 348 1081 575
380 1044 523 1082 virides
552 1055 673 1081 manu
702 1044 847 1082 siccata
877 1043 1052 1092 capillos,
1085 1051 1151 1081 XII
1174 1045 1227 1081 77
1262 1053 1395 1081 canen-

51 1103 108 1140 tia
132 1102 229 1140 colla
252 1103 340 1149 iuqo
358 1113 526 1150 pressos,
557 1110 626 1140 XII
646 1103 729 1140 431
758 1102 945 1140 hominem
963 1104 1158 1150 protectus
1177 1113 1395 1151 equumque,

52 1168 139 1198 XIII
160 1161 243 1199 732
283 1163 412 1198 atram
448 1161 607 1199 canibus
642 1161 876 1209 succingitur
913 1161 1060 1204 alvum,
1101 1168 1187 1198 XIII
1215 1161 1299 1198 894
1337 1161 1394 1198 in-

53 1220 196 1257 cinctus
224 1219 335 1265 flexis
365 1229 511 1257 cornua
541 1220 648 1258 canis
678 1227 761 1257 XIV
782 1219 866 1257 345
904 1219 1010 1267 fulvo
1048 1219 1281 1266 chlamydem
1313 1229 1396 1257 con-

52 1280 197 1316 tractus
227 1278 276 1316 ab
307 1288 414 1316 auro.
564 1274 650 1315 223
682 1277 889 1316 DISPIGI'I*
921 1285 979 1315 Εἰ·
1013 1284 1205 1315 'rmccsss
1237 1284 1396 1316 Rumo-

52 1343 188 1374 mnus
220 1343 451 1373 APPmCA'r
483 1342 678 1374 ANGUES.
731 1337 790 1374 ita
820 1336 1110 1385 inauspicatam
1141 1348 1270 1374 meam
1301 1336 1396 1374 olim

53 1397 123 1432 aut
153 1394 309 1433 Heinsii
346 1395 648 1444 correctionem,
689 1407 808 1444 quam
845 1398 981 1433 tamen
1020 1394 1200 1444 pleri-que
1237 1406 1396 1443 recepe·

52 1455 162 1503 runt,
193 1453 410 1491 redemisse
441 1466 504 1491 me
537 1453 688 1502 opinor.
749 1453 842 1491 libri
875 1454 942 1502 qui
972 1454 1248 1502 innotuerunt,
1280 1456 1396 1492 cretes

51 1511 93 1549 M
137 1513 247 1550 cretis
283 1511 352 1549 LE
397 1513 528 1550 creteis
571 1511 802 1550 Vaticanus.
866 1512 988 1550 etiam
1030 1511 1396 1550 Lachmannianum

52 1570 220 1619 Dis-picit
261 1569 312 1608 ad
358 1582 442 1608 rem
485 1570 592 1609 facit.
656 1570 807 1609 scilicet
850 1572 1158 1609 consentaneum
1201 1573 1305 1619 erat,
1351 1572 1397 1609 ut

53 1629 103 1667 ad
138 1629 265 1667 vitam
302 1629 408 1667 senis
451 1629 752 1668 refocillandam
788 1628 929 1668 Medea
971 1641 1037 1667 eas
1078 1629 1222 1667 herbas
1267 1629 1396 1678 requi-

53 1689 175 1736 reret,
214 1687 356 1738 quibus
396 1688 447 1726 ad
476 1686 720 1726 reddendam
750 1688 919 1726 mortuis
956 1700 1052 1727 118118
1086 1687 1219 1725 fuerat
1249 1686 1396 1726 Aescu-

51 1746 195 1795 lapius.
243 1746 278 1784 is
310 1748 351 1785 et
381 1748 500 1785 natus
531 1746 738 1785 ferebatur
770 1749 810 1785 et
841 1747 1060 1785 sacrarium
1091 1746 1268 1784 habebat
1287 1745 1395 1784 Tric-

53 1817 120 1843 cae
163 1805 205 1842 in
246 1804 344 1854 ipsis
389 1805 591 1854 Tempeon
633 1805 919 1844 Thessalorum
963 1804 1192 1843 confinibus.
1251 1804 1396 1843 Strabo

52 1877 89 1912 p.
111 1864 193 1902 647
227 1858 253 1902 ὁ
283 1860 380 1911 περὶ
411 1860 601 1913 Τρίκκην,
633 1859 705 1912 ἐφ’
735 1860 770 1914 ᾧ
802 1860 827 1901 ὁ
858 1859 1103 1911 Ἀσκληπιὸς
1139 1863 1396 1912 γεννηθῆναι

52 1919 237 1970 λέγεται,
279 1934 317 1971 p.
337 1923 422 1962 437
455 1918 625 1971 Τρίκκη,
666 1918 778 1961 ὅπου
809 1919 860 1960 τὸ
890 1918 1007 1970 ἱερὸν
1038 1920 1118 1960 τοῦ
1147 1917 1396 1970 Ἀεκληπιοῦ

51 1977 102 2019 τὸ
144 1976 445 2028 ἀρχαιότατον,
500 1994 538 2030 p.
572 1982 658 2019 360
701 1977 986 2019 δείκνυται-
1006 1977 1229 2028 Τρικκαίου
1278 1977 1396 2028 ἱερὸν

51 2035 312 2086 Ἀεκληπιοῦ,
344 2035 560 2087 ἀφίδρυμα
590 2039 667 2077 τοῦ
700 2036 748 2078 ἐν
779 2040 827 2089 τῇ
861 2036 1092 2091 Θετταλικῇ
1125 2035 1288 2089 Τρίκκῃ.

52 2093 138 2136 248
169 2105 351 2136 mmmm
384 2104 523 2136 clvrr.
573 2098 665 2136 teuit
694 2097 769 2135 ML
800 2098 885 2136 fere
915 2097 991 2136 soli
1022 2093 1082 2150 (et
1113 2098 1202 2136 m‘m‘t
1231 2110 1277 2136 ex
1308 2097 1395 2146 ipso

51 2155 93 2194 M
123 2151 298 2209 notavi);
322 2158 448 2204 poscit
466 2156 646 2205 plerique
666 2156 823 2206 reliqui,
848 2157 1061 2206 glossema.
1170 2152 1255 2194 276
1282 2155 1395 2194 PRO·

51 2221 257 2253 POSITUM
288 2222 543 2253 INSTRUXIT
569 2221 811 2254 REMORARI
837 2222 1056 2254 TARTARA
1081 2222 1247 2253 MUNUS.
1285 2216 1395 2253 instr-

50 2273 205 2311 mortalz’
247 2273 418 2312 barbara
460 2273 589 2322 MLE3
633 2273 803 2312 barbara
845 2276 974 2312 maius
1016 2274 1068 2311 M.
1129 2285 1208 2311 non
1243 2273 1396 2311 incuria

51 2331 153 2369 hanc
183 2331 224 2369 M
257 2332 495 2381 scripturam
527 2332 622 2371 olim
652 2332 814 2382 insuper
846 2333 979 2383 habui,
1013 2332 1081 2370 sed
1114 2332 1295 2370 accensui
1327 2331 1395 2380 eis,
