1554 2506
114 87 195 128 142
364 100 494 123 amous
656 86 869 121 METAMM
885 115 891 121 .

140 206 207 237 560
229 198 381 250 Corpus
413 198 530 238 humo
557 197 728 250 gelidum
747 228 757 249 ,
790 196 858 236 sed
879 196 1022 237 humus
1043 196 1091 236 de
1117 209 1282 250 corpore
1303 198 1447 239 fervet.

227 257 307 295 Nec
339 257 561 295 moderator
592 255 730 307 adest,
762 256 881 306 inque
913 257 1020 308 ipsos
1051 267 1163 295 saeva
1195 256 1396 297 medentes

228 315 408 367 Erumpit
440 314 598 367 clades,
631 313 854 365 obsuntque
886 314 1114 354 auctoribus
1145 320 1272 354 artes.

227 374 311 420 Quo
344 374 505 425 propior
536 374 702 424 quisque
735 378 796 412 est
827 375 1024 425 servitque
1057 373 1210 413 fidelius
1241 386 1382 427 aegro,

227 432 269 471 In
299 438 454 486 partem
484 432 552 471 leti
585 433 700 471 citius
732 433 866 471 venit.
906 438 1029 484 utque
1061 432 1196 471 salutis

138 498 205 531 565
227 461 325 550 Spſss
358 490 479 543 abiit,
511 491 708 542 finemque
739 490 871 529 vident
903 492 942 530 in
975 492 1114 530 funere
1145 491 1295 544 morbi,

225 548 433 600 Indulgent
463 551 601 588 animis
634 556 673 588 et
703 549 837 601 nulla,
870 549 963 601 quid
995 549 1121 602 utile,
1153 562 1247 589 cura
1279 555 1361 602 est;

225 607 328 647 Utile
360 609 464 647 enim
497 607 593 647 nihil
624 613 711 647 est.
750 610 895 660 passim
928 610 1135 660 positoque
1166 608 1318 660 pudore

226 665 416 706 Fontibus
450 672 489 706 et
518 666 647 706 ssuviis
677 668 887 719 puteisque
920 667 1129 719 capacibus
1160 666 1346 706 haerent.

226 724 326 775 [Nec
357 727 442 765 sitis
475 731 535 765 est
567 727 737 765 extincta
767 727 877 777 prius
910 738 1026 777 quam
1058 727 1134 765 vita
1166 725 1333 765 bibendo
1349 725 1376 776 .]

137 783 318 823 5701nde
350 796 488 836 graves
520 784 632 823 multi
663 790 866 835 nequeunt
898 796 1138 836 consurgere
1157 815 1168 837 ,
1201 790 1240 823 et
1270 785 1366 836 ipsis

224 842 495 882 inmoriuntur
526 845 665 894 aquis.
705 842 844 894 aliquis
877 848 1005 882 tamen
1037 842 1168 882 haurit
1199 848 1238 882 et
1269 842 1375 882 illas.

225 901 426 953 Tantaque
459 907 551 942 sunt
582 903 736 941 miseris
768 903 884 941 invisi
915 901 1040 941 taedia
1071 901 1183 954 lecti,

224 959 441 1000 Prosiliunt
459 992 470 1013 ‚
502 965 569 1000 aut
601 961 633 999 si
664 959 876 1012 prohibent
907 961 1124 1000 consistere
1156 961 1283 1013 vires,

226 1018 398 1070 Corpora
430 1018 640 1058 devolvunt
671 1020 711 1058 in
743 1018 936 1058 humum:
968 1019 1201 1070 fugiuntque
1231 1024 1393 1071 penates

137 1085 203 1117 575
225 1077 400 1129 Quisque
434 1090 526 1117 suos
547 1109 555 1117 .
594 1089 663 1116 sua
696 1079 839 1128 cuique
871 1077 1010 1117 domus
1043 1078 1197 1116 funesta
1230 1077 1404 1117 videtur.

225 1135 293 1186 [Et
324 1138 414 1187 quia
446 1148 561 1176 causa
593 1135 714 1189 latet,
745 1135 856 1174 locus
888 1141 949 1175 est
978 1137 1019 1175 in
1051 1137 1215 1175 crimine
1247 1141 1364 1176 notus
1378 1134 1406 1187 .]

225 1194 483 1235 Semianimes
516 1206 648 1233 errare
680 1195 782 1247 viis,
814 1193 907 1233 dum
939 1200 1042 1233 stare
1075 1194 1278 1247 valebant,
1309 1195 1320 1206 ⁰

223 1254 460 1306 Aspiceres3
490 1253 631 1293 flentes
662 1253 758 1292 alios
791 1258 973 1304 terraque
1005 1255 1201 1306 iacentes,

223 1311 420 1363 Lassaque
451 1316 653 1351 versantes
685 1323 869 1363 supremo
901 1311 1048 1352 lumina
1079 1317 1187 1351 motu

137 1378 203 1410 580
225 1369 494 1423 [Membraque
526 1370 733 1423 pendentis
765 1370 932 1410 tendunt
963 1370 1010 1410 ad
1042 1370 1169 1410 sidera
1202 1370 1339 1423 caeli‚]

226 1428 295 1468 Hic
313 1461 324 1482 ,
355 1429 465 1482 illic,
497 1429 564 1468 ubi
596 1441 701 1468 mors
729 1428 1020 1482 deprenderat,
1052 1429 1298 1469 exhalantes.

225 1487 326 1534 Quid
358 1487 454 1527 mihi
486 1494 580 1527 tunc
611 1489 728 1527 animi
762 1485 875 1526 fuit?
907 1499 953 1526 an
987 1487 1090 1539 quod
1123 1487 1259 1527 debuit
1289 1499 1399 1540 esse,

225 1545 274 1586 Ut
304 1548 422 1586 vitam
454 1546 624 1586 odissem
655 1552 696 1586 et
727 1557 913 1597 cuperem
944 1558 1035 1597 pars
1067 1558 1154 1586 esse
1187 1544 1399 1586 meorum?

225 1605 309 1650 Quo
342 1617 383 1644 se
417 1617 584 1656 cumque
617 1606 720 1644 acies
751 1604 956 1644 oculorum
987 1604 1149 1644 flexerat
1166 1637 1177 1658 ‚
1208 1604 1287 1644 illic

136 1671 202 1703 585
226 1663 370 1714 Vulgus
403 1672 486 1703 erat
518 1669 684 1702 stratum
704 1694 716 1716 ,
749 1663 867 1702 veluti
899 1675 989 1703 cum
1019 1665 1150 1715 putria
1184 1665 1299 1703 motis

209 1722 342 1763 Poma
374 1723 519 1762 cadunt
550 1723 667 1761 ramis
700 1723 918 1773 agitataque
951 1722 1038 1761 ilice
1069 1722 1251 1774 glandes.

225 1780 383 1832 Templa
415 1781 522 1820 vides
555 1786 690 1819 contra
721 1780 906 1831 gradibus
939 1780 1119 1820 sublimia
1149 1781 1299 1832 longis:

227 1839 399 1891 luppiter
431 1839 494 1879 illa
526 1845 660 1879 tenet.
700 1841 787 1890 quis
820 1851 898 1878 non
931 1838 1118 1879 altaribus
1150 1838 1226 1878 illis

225 1897 338 1937 lrrita
370 1904 457 1938 tura
489 1895 617 1937 tulit?
649 1899 831 1949 quotiens
862 1909 934 1949 pro
966 1898 1132 1949 coniuge
1164 1899 1358 1951 coniunx,

136 1965 204 1996 590
222 1956 299 1995 Pro
331 1962 446 2009 gnato
479 1959 662 2009 genitor,
694 1955 787 1995 dum
819 1955 935 1995 verba
967 1958 1167 2008 precantia
1199 1955 1316 2009 dicit,

222 2014 308 2054 Non
341 2017 509 2054 exoratis
541 2017 708 2054 animam
738 2015 862 2054 finivit
891 2016 931 2053 in
964 2015 1065 2068 aris,

224 2073 346 2124 Inque
378 2086 494 2113 manu
528 2075 626 2113 turis
657 2085 748 2125 pars
778 2074 1055 2125 inconsumpta
1086 2079 1243 2125 reperta
1274 2072 1356 2113 est!

225 2132 378 2171 Admoti
409 2134 592 2183 quotiens
624 2131 780 2184 templis
798 2163 810 2185 ‚
842 2131 935 2171 dum
967 2137 1055 2171 vota
1086 2132 1269 2172 sacerdos

225 2190 403 2242 Concipit
434 2196 474 2229 et
506 2191 634 2230 fundit
663 2202 809 2242 purum
839 2191 943 2230 inter
975 2202 1122 2230 cornua
1155 2192 1311 2243 vinum,

136 2258 201 2288 595
223 2248 334 2288 Haud
367 2254 570 2301 expectato
603 2248 832 2288 ceciderunt
863 2248 1025 2289 vulnere
1056 2247 1180 2289 tauri!

223 2307 309 2360 Ipse
342 2319 415 2359 ego
448 2319 557 2347 sacra
588 2307 668 2346 Iovi
700 2320 771 2358 pro
803 2319 865 2347 me
897 2309 1101 2360 patriaque
1134 2306 1338 2358 tribusque
