1527 2580
584 112 634 147 111
650 139 657 156 ,
684 116 866 148 288-361
884 140 892 148 .
975 125 1131 147 ‘nasama
1148 140 1154 147 .
1181 126 1268 148 zeno
1351 114 1408 155 55

102 231 170 262 325
190 223 363 274 Corpora
394 228 622 273 serpentum
650 221 776 261 baculi
808 223 1015 262 violaverat
1047 224 1150 274 ictu3

191 281 323 332 Deque
356 282 438 320 viro
470 281 595 319 sactus
614 312 625 332 ,
657 280 861 334 mirabile,
893 282 1035 320 semina
1053 312 1065 334 ‚
1090 288 1240 332 septem

191 339 334 391 Egerat
364 345 600 378 autumnos.
639 346 772 377 octavo
805 352 943 378 rursus
976 339 1133 378 eosdem

191 397 322 450 Vidit,
353 404 393 437 et
424 395 500 436 ‘est
531 403 681 436 vestrae
714 399 746 436 si
780 404 883 437 tanta
915 399 1088 449 potentia
1119 397 1253 449 plagae
1267 398 1291 450 ,’

191 455 295 495 Dixit
326 453 385 495 ‘ut
416 457 586 495 auctoris
619 462 765 494 sortem
797 458 836 495 in
869 458 1063 496 contraria
1094 462 1242 509 mutet,

103 523 171 555 330
191 514 304 554 Nunc
336 527 493 566 quoque
526 526 593 553 vos
625 514 761 552 seriam
782 511 806 553 .'
843 517 1043 566 percussis
1063 514 1255 566 anguibus
1289 514 1409 554 isdem

191 572 331 612 Forma
361 575 470 625 prior
501 572 646 625 rediit,
678 575 934 624 genetivaque
967 575 1072 612 venit
1102 575 1251 625 imagO.

191 631 348 671 Arbiter
379 631 442 671 hic
473 632 593 682 igitur
626 637 805 683 sumptus
838 632 885 670 de
917 632 984 670 lite
1016 633 1146 671 iocosa

191 689 301 729 Dicta
332 689 433 729 Iovis
465 690 620 729 firmat.
659 692 814 741 gravius
848 689 1028 729 Saturnia
1060 692 1163 729 iusto

190 747 271 787 Nec
303 760 374 800 pro
406 750 568 787 materia
599 748 725 787 fertur
757 748 927 788 doluisse
946 781 957 801 ,
990 750 1129 800 suique

103 815 170 846 335
192 806 337 846 Iudicis
370 813 527 846 aeterna
559 806 754 846 damnavit
784 807 929 846 lumina
963 813 1099 846 nocte.

190 865 239 904 At
269 872 380 916 pater
411 867 657 917 omnipotens
675 896 686 918 ,
718 877 845 916 neque
866 867 970 904 enim
990 866 1082 904 licet
1100 867 1210 904 irrita
1232 866 1411 917 cuiquam

190 923 306 962 Facta
339 924 402 963 dei
433 925 574 963 fecisse
605 923 677 962 deo
696 955 708 976 ,
739 935 810 975 pro
842 924 988 963 lumine
1021 924 1201 975 adempto

193 980 303 1021 Scire
336 982 467 1021 futura
500 982 635 1034 dedit,
665 993 910 1033 poenamque
941 982 1079 1020 levavit
1110 982 1282 1020 honore.

249 1039 318 1079 Ille
350 1052 421 1092 per
451 1041 594 1079 Aonias
627 1041 725 1079 fama
759 1040 1038 1079 celeberrimus
1071 1039 1189 1079 urbes

103 1098 479 1150 3401nreprehensa
510 1098 626 1138 dabat
655 1098 799 1150 populo
833 1110 1021 1150 responsa
1051 1099 1224 1150 petenti.

191 1156 322 1196 Prima
354 1157 428 1196 fide
459 1158 644 1208 vocisque
677 1163 783 1196 ratae
817 1158 1068 1208 temptamina
1100 1158 1268 1208 sumpsit

192 1215 355 1254 Caerula
385 1215 542 1267 Liriope
561 1247 572 1267 ‚
604 1227 720 1266 quam
752 1215 948 1266 quondam
980 1215 1139 1254 flumine
1168 1226 1286 1254 curvo

193 1273 408 1326 Inplicuit,
441 1274 674 1324 clausaeque
706 1275 788 1312 suis
822 1273 1009 1325 Cephisos
1040 1275 1080 1311 in
1107 1273 1222 1312 undis

192 1331 277 1371 Vim
308 1331 399 1372 tulit
417 1362 426 1371 .
471 1334 583 1371 enixa
609 1338 670 1371 est
700 1339 813 1371 utero
845 1331 1108 1383 pulcherrima
1140 1331 1255 1383 pleno

105 1398 172 1430 345
192 1390 384 1430 Infantem
402 1422 413 1443 ‚
445 1391 626 1442 nymphis
657 1391 733 1429 iam
766 1396 859 1429 tunc
892 1391 959 1441 qui
989 1395 1124 1441 posset
1155 1391 1297 1441 amari,

191 1448 497 1500 Narcissumque
530 1455 670 1488 vocat.
709 1449 757 1487 de
789 1460 866 1499 quo
899 1448 1102 1487 consultus
1121 1479 1132 1500 ‚
1164 1460 1213 1487 an
1245 1454 1349 1488 esset

192 1507 386 1560 Tempora
417 1513 592 1547 maturae
623 1508 780 1547 visurus
812 1507 925 1558 longa
957 1512 1162 1559 senectae,

191 1565 390 1606 Fatidicus
422 1572 528 1605 vates
560 1563 610 1605 ‘si
640 1577 683 1605 se
715 1577 793 1604 non
825 1562 994 1604 noverit'
1026 1566 1184 1616 inquit.

194 1623 297 1664 Vana
329 1624 397 1664 diu
428 1625 508 1664 visa
540 1630 601 1663 est
630 1636 704 1663 vox
736 1625 924 1676 auguris.
962 1625 1091 1663 exitus
1122 1623 1226 1662 illam

106 1690 174 1723 350
194 1683 351 1735 Resque
382 1682 522 1735 probat
552 1682 698 1734 letique
731 1694 854 1734 genus
886 1683 1114 1734 novitasque
1147 1682 1313 1720 suroris.

192 1741 368 1793 Namque
400 1746 462 1781 ter
492 1740 537 1780 ad
571 1742 712 1792 quinos
743 1752 866 1780 unum
898 1740 1104 1791 Cephisius
1136 1751 1280 1779 annum

193 1799 432 1853 Addiderat,
464 1805 695 1851 poteratque
726 1811 826 1851 puer
857 1800 1087 1849 iuvenisque
1120 1798 1265 1838 videri.

193 1858 305 1898 Multi
335 1858 445 1898 illum
476 1859 637 1897 iuvenes
655 1889 667 1911 ‚
698 1858 842 1897 multae
875 1858 1033 1909 cupiere
1065 1856 1241 1908 puellae3

195 1916 273 1957 Sed
305 1917 379 1956 fuit
409 1918 449 1956 in
481 1921 616 1956 tenera
649 1922 727 1956 tam
758 1915 856 1955 dura
888 1914 1072 1967 superbia
1105 1915 1251 1965 forma,

105 1983 173 2015 355
194 1974 299 2015 Nulli
329 1975 439 2014 illum
470 1976 632 2014 iuvenes
650 2006 662 2028 ‚
693 1973 821 2014 nullae
854 1975 1018 2025 tetigere
1050 1972 1226 2025 puellae.

194 2034 344 2085 Aspicit
374 2033 480 2073 hunc
512 2033 686 2085 trepidos
719 2034 928 2084 agitantem
959 2033 1000 2071 in
1031 2033 1129 2071 retia
1161 2043 1296 2071 cervos

196 2090 347 2131 Vocalis
379 2092 577 2145 nymphe,
610 2103 709 2143 quae
742 2103 815 2130 nec
845 2091 1014 2130 reticere
1045 2089 1222 2142 loquenti

194 2150 276 2190 Nec
306 2151 415 2202 prior
446 2152 531 2202 ipsa
561 2150 669 2201 loqui
701 2148 866 2201 didicit,
896 2147 1127 2188 resonabilis
1159 2147 1290 2188 Echo.

195 2209 348 2261 Corpus
379 2208 506 2248 adhuc
536 2207 643 2247 Echo
662 2239 673 2261 ‚
705 2219 783 2247 non
825 2219 897 2246 vox
929 2213 1042 2247 erat:
1073 2212 1114 2246 et
1139 2212 1267 2246 tamen
1299 2218 1413 2245 usum

106 2275 175 2308 360
197 2267 360 2307 Garrula
386 2279 464 2306 non
496 2267 614 2306 alium
632 2298 644 2320 ‚
676 2277 792 2318 quam
811 2277 917 2306 nunc
941 2265 1059 2304 habet
1075 2297 1088 2319 ,
1119 2267 1198 2304 oris
1225 2263 1415 2315 habebat,

194 2325 373 2366 Reddere
406 2326 453 2366 de
485 2325 619 2365 multis
650 2331 694 2365 ut
724 2323 841 2364 verba
873 2325 1082 2364 novissima
1112 2329 1269 2375 posset.
