1527 2580
572 125 619 160 Vl
636 153 645 169 ,
672 129 855 161 483—552
871 152 878 160 .
997 138 1190 162 ambonem
1315 128 1390 169 121

175 235 286 276 Nulla
319 236 408 287 suga
440 242 501 274 est
531 241 674 288 capto,
707 242 857 287 spectat
889 247 957 275 sua
989 237 1159 287 praemia
1191 243 1346 287 raptor.

177 294 334 346 lamque
366 296 441 333 iter
473 294 654 333 effectum
674 326 684 346 ,
718 296 869 345 iamque
903 296 941 333 in
974 307 1042 334 sua
1073 294 1186 334 litora
1220 296 1331 334 sessis

89 361 156 392 520
176 352 378 405 Puppibus
410 353 614 404 exierant,
647 365 735 392 cum
768 365 834 392 rex
868 353 1065 392 Pandione
1098 359 1225 392 natam

176 411 218 451 ln
252 410 402 451 stabula
435 410 509 450 alta
542 410 660 450 trahit
691 411 796 450 silvis
829 411 995 451 obscura
1027 413 1214 464 vetustis,

176 471 302 521 Atque
335 468 389 509 ibi
420 469 629 521 pallentem
663 470 931 521 trepidamque
964 476 1003 509 et
1034 477 1174 509 cuncta
1195 472 1394 510 timentem

176 527 226 567 Et
257 530 333 567 iam
366 540 454 568 cum
486 528 685 580 lacrimis,
719 528 784 567 ubi
818 531 868 567 sit
899 541 1110 581 germana,
1143 535 1367 581 rogantem,

176 586 374 639 Includit,
406 587 612 637 fassusque
645 588 753 626 nefas
786 593 823 626 et
856 589 1042 638 virginem
1077 594 1116 626 et
1147 599 1263 626 unam

90 652 157 684 525
178 644 222 684 Vi
254 651 443 697 superat,
476 645 621 684 frustra
654 645 815 685 clamato
849 658 962 697 saepe
996 652 1181 698 parente,

178 703 302 756 Saepe
334 715 470 742 sorore
504 716 572 743 sua
591 736 602 756 ,
634 706 782 756 magnis
815 717 934 756 snper
966 707 1093 744 omnia
1126 705 1244 743 divis.

177 762 245 801 llla
276 763 438 814 tremit,
470 762 574 801 velut
606 775 701 814 agna
733 775 876 814 pavens
896 795 906 815 ,
939 775 1036 814 quae
1069 765 1198 802 saucia
1232 765 1314 802 cani

178 820 256 860 Ore
289 832 452 860 excussa
484 820 564 872 lupi
598 821 770 860 nondum
803 821 876 860 sibi
909 827 991 860 tuta
1023 822 1200 874 videtur;

177 878 306 930 thue
339 878 515 918 columba
548 891 619 935 suo
652 880 878 919 madefactis
910 881 1097 931 sanguine
1129 880 1271 931 plumis

93 946 160 978 530
180 936 325 976 Horret
357 937 483 977 adhuc
502 969 512 989 ,
545 937 754 989 avidosque
786 940 926 991 timet,
959 937 1101 989 quibus
1134 939 1336 990 haeserat,

1229 1009 1399 1048 ungues.

179 1054 266 1094 Mox
299 1054 366 1094 ubi
399 1066 508 1094 mens
542 1055 686 1108 rediit,
718 1067 852 1107 passos
885 1055 1024 1094 laniata
1057 1055 1237 1108 capillos,

181 1112 366 1165 [Lugenti
399 1113 535 1153 similis
554 1145 566 1166 ,
598 1115 721 1153 caesis
754 1114 939 1166 plangore
971 1113 1128 1153 lacertis
1142 1113 1171 1165 ,]

180 1171 391 1211 lntendens
422 1171 568 1223 palmas
602 1170 638 1210 ‘o
672 1171 766 1211 diris
798 1171 963 1211 barbare
997 1171 1132 1211 sactis!

180 1229 211 1269 Ο
245 1229 414 1269 crudelis
435 1227 459 1269 !'
492 1232 544 1269 ait
576 1227 664 1269 ‘nec
696 1237 734 1269 te
766 1230 945 1270 mandata
976 1231 1149 1282 parentis

93 1297 159 1329 535
181 1288 277 1328 Cum
310 1289 480 1328 lacrimis
513 1300 668 1328 movere
701 1290 775 1340 piis
794 1320 805 1340 ,
836 1301 909 1328 nec
941 1301 1034 1328 cura
1067 1289 1213 1328 sororis

180 1346 261 1386 Nec
294 1359 378 1386 mea
410 1348 610 1398 virginitas
643 1359 715 1386 nec
747 1347 978 1398 coniugialia
1008 1345 1128 1386 iura?

182 1405 319 1445 Omnia
352 1404 547 1444 turbasti.
587 1404 717 1457 [pelex
750 1418 821 1456 ego
855 1406 953 1445 sacta
985 1407 1155 1457 sororis,

181 1464 240 1504 Tu
274 1465 454 1516 geminus
487 1465 685 1503 coniunx.
724 1463 847 1503 hostis
879 1464 973 1503 mihi
1005 1463 1133 1503 debita
1166 1475 1289 1515 poena
1305 1462 1331 1513 .]

183 1522 286 1569 Quin
324 1523 491 1562 animam
529 1522 628 1561 hanc
647 1554 657 1574 ,
689 1534 738 1561 ne
771 1522 874 1573 quod
913 1523 1063 1562 facinus
1102 1521 1171 1561 tibi
1189 1555 1200 1575 ,
1232 1521 1403 1574 perfide,

1047 1586 1192 1633 restet,

94 1647 163 1681 540
181 1639 311 1692 Eripis
331 1637 353 1678 P
384 1646 500 1691 atque
533 1641 681 1679 utinam
713 1640 875 1679 fecisses
907 1645 995 1679 ante
1029 1639 1215 1678 nefandos

183 1697 453 1738 Concubitus!
486 1710 626 1738 vacuas
658 1697 882 1737 habuissem
915 1699 1090 1737 criminis
1122 1697 1302 1736 umbras.

183 1756 224 1796 Si
257 1763 386 1796 tamen
418 1756 514 1796 haec
545 1758 679 1808 superi
711 1762 908 1809 cernunt,
940 1758 972 1795 si
1005 1757 1163 1795 numina
1196 1755 1326 1794 divum

184 1815 286 1854 Sunt
317 1815 460 1866 aliquid
480 1847 491 1867 ,
523 1816 555 1854 si
588 1827 664 1854 non
698 1817 902 1866 perierunt
932 1815 1060 1853 omnia
1092 1825 1269 1866 mecum,

183 1873 518 1924 Quandocumque
550 1873 645 1913 mihi
677 1885 822 1925 poenas
853 1872 991 1912 dabis.
1029 1874 1112 1924 ipsa
1143 1872 1293 1924 pudore

95 1940 161 1971 545
181 1932 363 1972 Proiecto
396 1938 460 1972 tua
493 1933 592 1971 facta
625 1932 783 1983 loquar.
822 1933 855 1970 si
887 1933 997 1983 copia
1030 1931 1168 1983 detur,

181 1990 226 2030 In
256 1990 423 2042 populos
455 1992 634 2030 veniam:
666 1992 699 2030 si
731 1990 836 2029 silvis
868 1989 997 2029 clausa
1030 1988 1218 2040 tenebor,

184 2048 360 2100 Implebo
393 2048 537 2101 silvas,
569 2056 610 2088 et
640 2051 795 2088 conscia
828 2059 917 2087 saxa
949 2047 1134 2087 movebo.

183 2107 323 2146 Audiat
354 2106 449 2146 haec
481 2107 644 2159 aether,
676 2113 715 2145 et
746 2109 777 2145 si
810 2106 906 2145 deus
939 2106 1040 2146 ullus
1073 2108 1112 2145 in
1143 2105 1208 2144 illo
1241 2102 1339 2144 est.’

183 2164 342 2205 Talibus
373 2167 430 2204 ira
463 2165 537 2204 seri
568 2172 774 2217 postquam
807 2170 997 2204 commota
1030 2165 1207 2217 tyranni,

95 2231 163 2264 550
183 2223 264 2263 Nec
296 2225 424 2264 minor
455 2223 527 2263 hac
559 2229 686 2263 metus
718 2229 806 2276 est,
839 2235 953 2262 causa
985 2222 1207 2263 stimulatus
1240 2229 1405 2273 utraque

186 2282 271 2329 Quo
298 2283 373 2322 fuit
404 2283 604 2322 accinctus
622 2314 633 2335 ,
666 2283 801 2333 vagina
832 2281 972 2321 liberat
1003 2293 1160 2332 ensem,

183 2343 467 2394 Arreptamque
499 2352 608 2380 coma
640 2340 749 2380 ssexis
781 2346 870 2392 post
900 2345 1006 2392 terga
1041 2340 1194 2379 lacertis
