1554 2506
166 89 248 131 180
416 101 539 124 meme
712 87 927 122 METAMM
944 116 949 121 .

282 200 393 239 Tune
426 211 534 239 meae
567 199 675 238 necis
708 204 844 237 auctor
870 199 948 237 eriS
967 195 1003 237 ?’
1035 200 1170 238 tremit
1188 199 1251 238 ille
1270 230 1282 252 ‚
1312 206 1502 252 pavetque

194 267 262 298 215
282 258 454 298 Pallidus
473 290 483 310 ‚
515 264 554 297 et
586 256 720 296 timide
752 256 869 295 verba
903 258 1127 296 excusantia
1158 257 1274 296 dicit.

282 317 485 356 Dicentem
517 316 761 367 genibusque
793 328 931 355 manus
963 315 1148 354 adhibere
1179 321 1382 368 parantem

283 376 455 427 Corripit
485 374 639 414 Alcides
658 406 669 427 ,
702 380 740 414 et
770 380 910 425 terque
944 380 1161 426 quaterque
1193 381 1364 415 rotatum

302 435 400 473 fittit
430 435 470 472 in
501 433 696 472 Euboicas
728 439 925 473 tormento
957 433 1098 472 fortius
1129 434 1276 473 undas.

274 491 348 531 sllle
381 504 452 544 per
485 494 608 532 aerias
639 492 814 544 pendens
846 492 1024 532 induruit
1055 504 1193 533 auras:
1327 501 1355 528 t.
1375 502 1504 529 cxxxvi.

195 560 262 592 220
282 551 411 602 thue
444 551 577 591 ferunt
607 551 753 590 imbres
786 551 923 602 gelidis
950 563 1207 591 concrescere
1238 554 1389 605 ventis,

281 609 375 650 Inde
409 611 516 649 nives
547 611 634 649 fieri
651 642 662 663 ,
694 610 848 649 nivibus
881 622 1037 662 quoque
1068 610 1184 650 molle
1215 612 1354 650 rotatis

281 670 456 720 Astringi
488 675 527 708 et
558 671 682 720 spissa
714 669 922 720 glomerari
953 669 1142 720 grandine
1174 681 1343 723 corpus,

282 728 347 767 Sic
379 727 488 767 illum
519 728 654 766 validis
687 733 816 767 actum
847 740 918 779 per
950 729 1064 766 inane
1096 727 1253 767 lacertis

280 786 606 838 Exsanguemque
640 792 747 826 metu
779 799 851 825 nec
884 788 1094 838 quicquam
1126 788 1275 825 umoris
1299 786 1507 826 habentem

194 846 326 885 2251n
358 846 504 897 rigidos
535 857 694 885 versum
725 845 854 884 silices
874 847 983 897 prior
1016 845 1137 884 edidit
1168 850 1295 885 aetas.

281 904 394 944 Nunc
427 917 583 956 quoque
615 907 656 943 in
686 903 862 944 Euboico
894 904 1079 956 scopulus
1110 903 1240 943 brevis
1271 905 1414 944 emicat
1432 905 1506 944 alto

283 963 445 1015 Gurgite
478 970 518 1003 et
549 963 740 1003 humanae
773 969 902 1002 servat
931 965 1094 1014 vestigia
1125 963 1297 1016 formae,

283 1022 437 1075 Quem,
470 1024 582 1073 quasi
613 1034 852 1074 sensurum,
884 1028 1024 1061 nautae
1057 1021 1207 1061 calcare
1238 1029 1450 1075 verentur,

281 1080 566 1133 Appellantque
598 1080 744 1120 Lichan
765 1112 773 1120 .
812 1087 850 1119 at
882 1087 954 1132 tu,
986 1080 1086 1119 Iovis
1117 1080 1251 1120 inclita
1281 1081 1436 1134 proles,

195 1147 263 1179 230
283 1140 500 1178 Arboribus
533 1141 656 1179 caesis
674 1171 686 1192 ‚
718 1151 814 1190 quas
846 1139 967 1178 ardua
998 1145 1174 1190 gesserat
1205 1138 1326 1193 Oete,

282 1198 405 1250 Inque
437 1210 574 1250 pyram
606 1200 768 1237 structis
801 1209 936 1237 arcum
967 1197 1270 1250 pharetramque
1303 1211 1485 1251 capacem

281 1257 496 1308 Regnaque
528 1259 680 1296 visuras
712 1259 856 1296 iterum
888 1256 1057 1295 Troiana
1089 1258 1248 1308 sagittas

282 1316 404 1355 Ferre
437 1315 549 1355 iubes
580 1316 752 1355 Poeante
785 1322 912 1355 satum
930 1347 942 1368 ,
974 1327 1051 1367 quo
1082 1315 1236 1354 flamma
1267 1317 1448 1355 ministro

284 1374 448 1414 Subdita
469 1406 476 1413 .
516 1375 688 1425 dumque
722 1374 842 1413 avidis
863 1375 1160 1426 comprenditur
1180 1374 1336 1426 ignibus
1368 1387 1508 1428 agger,

195 1441 263 1473 235
285 1433 518 1485 Congeriem
550 1434 666 1472 silvae
700 1433 892 1472 Nemeaeo
924 1433 1067 1472 vellere
1099 1445 1292 1473 summam

285 1492 436 1532 Sternis
455 1524 466 1545 ,
499 1499 538 1531 et
568 1493 736 1544 inposita
768 1492 895 1531 clavae
928 1493 1080 1531 cervice
1112 1492 1334 1546 recumbis,

283 1551 395 1590 Haud
429 1551 502 1590 alio
533 1551 643 1590 vultu
662 1583 672 1603 ,
705 1563 820 1602 quam
853 1552 886 1589 si
917 1552 1078 1590 conviva
1109 1553 1258 1591 iaceres

283 1610 390 1650 Inter
422 1610 537 1662 plena
568 1611 668 1650 meri
699 1609 905 1649 redimitus
935 1609 1078 1661 pocula
1108 1612 1249 1649 sertis.

345 1668 504 1721 Iamque
537 1669 668 1708 valens
701 1674 740 1708 et
771 1670 811 1707 in
843 1680 958 1708 omne
990 1668 1092 1708 latus
1124 1669 1264 1708 diffusa
1295 1668 1479 1723 sonabat,

197 1736 265 1767 240
287 1728 539 1779 Securosque
571 1734 679 1767 artus
712 1732 1104 1779 contemptoremque
1134 1727 1294 1780 petebat

284 1787 455 1826 Flamma
486 1799 631 1826 suum.
669 1788 837 1826 timuere
870 1786 932 1825 dei
963 1799 1035 1838 pro
1067 1786 1220 1827 vindice
1252 1793 1403 1827 terrae.

285 1846 392 1892 Quos
424 1847 477 1884 ita
495 1878 506 1898 ,
538 1847 662 1884 sensit
692 1847 797 1884 enim
815 1876 826 1898 ,
857 1844 957 1884 laeto
991 1845 1198 1885 Saturnius
1230 1858 1298 1886 ore

283 1904 460 1956 Iuppiter
492 1904 733 1956 alloquitur:
765 1901 915 1943 ‘nostra
952 1910 1013 1943 est
1048 1895 1167 1944 siffis
1204 1906 1278 1944 iste
1310 1905 1511 1958 voluptas,

286 1962 317 2002 Ο
350 1965 514 2016 superi,
545 1969 708 2014 totoque
738 1962 866 2002 libens
898 1962 993 2002 mihi
1024 1969 1186 2014 pectore
1218 1969 1371 2017 grator,

198 2029 265 2061 245
287 2021 399 2068 Quod
431 2024 616 2061 memoris
647 2022 782 2074 populi
813 2022 923 2061 dicor
953 2028 1166 2074 rectorque
1196 2029 1388 2074 paterque

287 2080 337 2119 Et
369 2093 452 2119 mea
485 2083 694 2132 progenies
726 2086 857 2120 vestro
891 2092 1047 2133 quoque
1080 2086 1164 2120 tuta
1195 2082 1325 2121 favore
1357 2088 1440 2121 est.

287 2139 383 2177 Nam
416 2151 650 2190 quamquam
683 2141 807 2191 ipsius
839 2139 954 2179 datur
984 2139 1059 2178 hoc
1090 2139 1313 2179 inmanibus
1344 2142 1464 2194 actis,

288 2197 448 2249 Obligor
480 2200 564 2249 ipse
597 2205 755 2237 tamen.
794 2198 863 2237 sed
895 2199 1000 2237 enim
1031 2210 1104 2238 nec
1134 2204 1295 2251 pectora
1326 2211 1424 2238 vano

286 2256 381 2295 Fida
413 2262 520 2295 metu
552 2264 745 2308 paveant.
790 2259 884 2296 istas
917 2269 965 2296 ne
985 2289 996 2309 ,
1028 2259 1202 2310 spernite
1233 2257 1428 2298 flammas!

201 2322 269 2356 250
289 2315 429 2355 Omnia
460 2316 528 2368 qui
559 2317 681 2368 vicit,
712 2317 871 2369 vincet,
904 2328 1001 2368 quos
1033 2318 1195 2356 cernitis
1213 2349 1225 2370 ,
1256 2319 1391 2369 ignes;
