1527 2580
575 105 624 139 XI
643 132 651 149 ,
679 108 863 140 273-345
879 134 886 141 .
1011 118 1210 141 naenamox
1317 106 1400 148 225

183 214 343 266 Vimque
377 215 439 255 dei
470 217 645 267 patitur.
684 227 760 255 nox
793 215 943 255 caelum
976 222 1174 267 sparserat
1205 218 1342 256 astris:

92 281 161 314 810
182 273 363 315 Phoebus
396 287 512 314 anum
545 273 730 326 simulat,
771 280 1054 326 praereptaque
1088 274 1226 326 gaudia
1259 277 1398 315 sumit.

182 332 232 372 Ut
263 345 332 374 sua
364 340 542 373 maturus
574 332 782 384 complevit
814 339 989 385 tempora
1021 340 1181 386 venter,

180 391 354 443 Alipedis
385 392 432 432 de
465 393 587 444 stirpe
620 391 681 430 dei
716 398 870 431 versuta
902 404 1073 444 propago

181 451 393 504 Nascitur,
424 451 665 502 Autolycus,
698 450 846 489 furtum
878 452 1104 502 ingeniosus
1137 451 1183 491 ad
1216 464 1354 505 omne3

183 510 352 550 Candida
383 509 430 549 de
463 511 585 561 nigris
618 515 657 548 et
688 508 735 547 de
769 509 1025 549 candentibus
1057 516 1139 549 atra

93 575 160 607 315
182 568 257 615 Qui
290 569 419 608 facere
452 568 665 620 adsuerat,
696 569 844 619 patriae
877 580 955 607 non
988 568 1159 620 degener
1191 571 1308 609 artis.

180 627 362 683 Nascitur
388 640 408 666 e
435 627 593 666 Phoebo
621 648 675 654 —
706 639 874 678 namque
906 633 966 666 est
998 630 1109 666 enixa
1142 628 1327 679 gemellos
1349 650 1400 656 —

181 686 360 726 Carmine
393 686 515 725 vocali
548 686 676 725 clarus
710 685 936 737 citharaque
969 686 1235 726 Philammon.

181 744 282 791 Quid
314 746 517 800 peperisse
549 744 648 784 duos
681 750 720 783 et
751 744 810 783 dis
842 744 1035 796 placuisse
1069 745 1222 785 duobus

180 803 230 842 Et
261 803 355 842 forti
385 805 562 855 genitore
596 811 635 842 et
669 805 919 855 progenitore
953 806 1122 843 comanti

92 869 160 901 320
181 861 277 901 Esse
305 867 428 901 satam
453 862 616 914 prode-st
634 859 655 901 ⁴?
693 874 739 902 an
767 861 881 901 obest
908 874 1062 914 quoque
1090 863 1211 914 gloria
1239 861 1406 903 multis?

182 920 317 960 Obruit
347 921 439 960 huic
472 927 608 960 certe.
648 933 746 971 quae
779 933 820 959 se
851 922 1052 972 praeferre
1086 921 1228 961 Dianae

183 979 409 1032 Sustinuit,
442 980 658 1031 faciemque
691 979 785 1018 deae
819 979 1016 1031 culpavit.
1055 986 1094 1019 at
1124 980 1179 1019 illi

180 1037 241 1076 Ira
267 1038 377 1077 ferox
403 1043 506 1077 mota
533 1044 615 1091 est,
648 1034 807 1077 “factis'
835 1050 911 1089 que
939 1035 1227 1090 ‘placebimus”
1255 1040 1403 1090 inquit.

180 1095 261 1136 Nec
292 1108 401 1136 mora
420 1128 431 1149 ‚
464 1099 638 1136 curvavit
669 1108 823 1149 cornu,
856 1109 1056 1148 nervoque
1090 1099 1269 1149 sagittam

94 1163 160 1195 325
183 1155 329 1207 Inpulit
346 1187 358 1208 ‚
390 1161 430 1194 et
461 1157 639 1194 meritam
674 1157 827 1194 traiecit
857 1155 1078 1194 harundine
1110 1155 1304 1208 linguam.

181 1212 330 1265 Lingua
363 1219 488 1266 tacet,
521 1226 594 1253 nec
620 1225 693 1252 vox
719 1219 985 1265 temptataque
1012 1214 1129 1253 verba
1161 1221 1406 1267 sequuntur3

182 1272 475 1324 Conantemque
508 1272 615 1324 loqui
648 1284 738 1312 cum
770 1274 957 1324 sanguine
990 1274 1066 1312 vita
1099 1272 1280 1324 reliquit.

182 1330 307 1376 Quam
339 1332 458 1370 m1ser
491 1331 713 1383 amplexans
747 1343 817 1383 ego
851 1337 934 1370 tum
965 1337 1186 1383 patruoque
1219 1332 1394 1372 dolorem

182 1388 308 1429 Corde
340 1390 412 1429 tuli
429 1421 441 1443 ‚
474 1391 663 1441 fratrique
694 1391 759 1442 pio
792 1389 933 1429 solacia
964 1391 1076 1442 misi;

95 1456 162 1488 330
183 1448 291 1494 Quae
322 1453 435 1500 pater
465 1448 568 1488 haud
598 1448 734 1501 aliter,
767 1461 882 1500 quam
909 1453 1043 1488 cautes
1069 1460 1272 1489 murmura
1297 1452 1406 1502 ponti

183 1508 364 1560 Accipit,
396 1513 436 1546 et
467 1513 596 1546 natam
628 1507 914 1547 delamentatur
946 1506 1189 1559 ademptam:

182 1565 233 1605 Ut
263 1577 356 1604 vero
388 1566 592 1605 ardentem
622 1565 732 1617 vidit,
766 1564 920 1617 [quater
951 1567 1121 1617 impetus
1152 1566 1208 1606 illi

182 1624 224 1663 In
257 1624 406 1663 medios
439 1625 513 1664 fuit
543 1626 601 1664 ire
634 1637 780 1677 rogos;
813 1630 952 1676 quater
983 1624 1073 1664 inde
1106 1625 1289 1677 repulsus

183 1682 344 1722 Concita
375 1683 550 1722 membra
582 1683 696 1735 fugae
728 1683 913 1735 mandat,
946 1682 1162 1734 similisque
1194 1685 1359 1724 iuvenco

94 1748 161 1781 335
183 1740 340 1792 Spicula
372 1741 609 1782 crabronum
640 1753 776 1793 pressa
808 1742 960 1781 cervice
992 1743 1169 1795 gerenti,

184 1799 268 1846 Qua
298 1801 358 1839 via
390 1800 495 1839 nulla
513 1831 524 1853 ,
557 1801 664 1839 ruit.
703 1802 779 1839 iam
810 1806 895 1839 tum
925 1799 1022 1839 mihi
1053 1812 1215 1840 currere
1247 1802 1353 1841 visus

183 1858 276 1898 Plus
308 1858 464 1898 homine
497 1864 586 1911 est,
617 1858 773 1910 alasque
806 1858 925 1910 pedes
958 1860 1174 1910 sumpsisse
1205 1865 1386 1911 putares.

183 1916 329 1968 Effugit
361 1929 454 1969 ergo
486 1929 652 1970 omnes,
683 1914 874 1968 veloxque
906 1917 1090 1968 cupidine
1121 1917 1191 1957 leti

182 1975 338 2015 Vertice
370 1975 532 2015 Parnasi
563 1977 745 2028 potitur]
782 1978 990 2015 miseratus
1022 1975 1183 2029 Apollo,

95 2041 163 2074 340
184 2033 281 2073 Cum
307 2046 355 2073 se
387 2033 595 2074 Daedalion
629 2047 720 2074 saxo
752 2036 925 2074 misisset
956 2033 1002 2073 ab
1035 2034 1136 2088 alto,

183 2092 292 2132 Fecit
323 2104 431 2132 avem
457 2099 497 2132 et
520 2093 662 2132 subitis
693 2093 929 2145 pendentem
961 2093 1121 2132 sustulit
1151 2093 1245 2147 alis,
1265 2103 1298 2130 τ.
1318 2103 1404 2129 clxv-

185 2150 341 2202 Oraque
367 2151 517 2190 adunca
541 2151 674 2204 dedit,
707 2163 848 2191 curvos
880 2151 987 2190 dedit
1017 2151 1216 2203 unguibus
1248 2153 1405 2205 hamos,

183 2209 376 2249 Virtutem
409 2211 637 2263 antiquam,
669 2212 836 2249 maiores
868 2212 1193 2262 corporevires.

182 2262 233 2308 Et
262 2280 368 2308 nunc
401 2270 616 2321 accipiter,
648 2268 744 2308 nulli
777 2270 870 2308 satis
902 2280 1051 2320 aequus
1070 2301 1081 2322 ‚
1113 2271 1154 2308 in
1186 2282 1321 2309 omnes

96 2334 162 2366 345
185 2326 316 2366 Saevit
346 2339 434 2367 aves
453 2359 464 2381 ,
496 2326 659 2379 aliisque
691 2327 826 2367 dolens
858 2327 902 2367 fit
932 2339 1047 2368 causa
1080 2327 1236 2368 dolendi
1251 2325 1275 2366 .'

135 2399 248 2427 ovn).
267 2400 316 2426 11.
1080 2397 1122 2430 15
