1518 2501
106 98 225 134 XVIII

104 209 355 247 Lachmanni.
406 220 451 246 ex
482 207 515 244 E
547 205 757 252 desumpta
794 213 895 252 quae
927 201 1114 239 differtmt
1145 212 1169 238 a.
1199 199 1240 237 M
1270 212 1334 239 vv.
1356 199 1443 238 175

104 269 188 305 446
229 268 312 305 482
346 266 470 304 Falsa
501 276 589 302 cum
620 262 672 312 M,
703 261 854 309 Sparsa
883 273 955 310 pro
987 273 1024 298 v.
1051 271 1123 298 ser.
1154 258 1255 296 nihil
1285 259 1444 296 mutan-

104 326 197 363 dum
236 325 391 374 putavi3
437 322 700 372 significatus,
739 319 806 369 qui
842 327 907 357 XV
929 319 1010 357 155
1058 319 1155 367 509,
1200 317 1297 366 558,
1343 316 1444 365 576,

106 385 186 423 607
215 378 319 436 (MP)
351 394 439 420 eum
463 381 495 418 L
534 375 637 431 (619
664 378 801 417 Diana
832 389 919 416 cum
946 377 1032 426 ML,
1063 375 1248 414 fortassis
1273 368 1443 426 rectius)

106 444 186 481 634
232 442 338 480 lacus
376 452 447 489 pro
484 452 521 479 v.
553 449 625 476 scr.
677 437 760 476 665
798 437 982 479 iacerent,
1024 435 1085 473 uti
1129 434 1251 473 etiam
1287 432 1329 470 M
1366 432 1446 471 sub

104 512 255 539 rasura.

219 554 322 596 LIB.
354 553 416 595 VI
457 569 493 595 v.
526 553 581 595 27
633 555 788 593 Anm'r
838 562 898 592 ET
949 559 1174 591 mmnmos
1218 557 1443 590 BAcumm

105 625 231 663 QUOD
271 623 495 655 SUSTINET
534 622 696 653 Amos.
747 614 925 652 baculum
955 623 1099 660 quoque
1135 610 1240 648 libri.
1289 607 1444 648 removi

103 676 365 725 offensionem,
393 686 493 723 quae
525 675 587 712 est
616 674 658 711 in
689 675 913 721 eat—quoque:
946 667 1072 708 ‘addit
1104 681 1221 708 canos
1254 670 1295 706 et
1324 668 1442 706 bacu-

101 729 210 772 lum'.
270 734 344 771 hoe
379 734 520 771 neutro
563 743 707 781 genere
752 732 816 769 est
857 742 936 768 non
980 729 1108 767 solum
1139 736 1203 766 xv
1225 727 1328 777 655,
1373 725 1446 764 sed

101 793 220 830 etiam
264 800 298 829 11
327 792 407 830 681
451 792 546 829 789.
701 785 758 827 46
799 796 957 826 TAMEN
999 794 1231 825 Exsmm‘r.
1293 785 1445 824 erubwit

102 850 210 900 libri,
249 849 352 899 quod
389 850 430 887 in
460 850 691 887 litteratura
727 847 935 896 archetypi
966 846 1006 883 M
1037 845 1215 895 proxime
1247 843 1362 882 abest
1392 842 1444 880 ab

101 921 164 959 eo,
203 908 306 958 quod
347 907 596 946 scribendum
633 907 784 955 putavi.
845 916 1015 953 namque
1060 905 1210 942 erubuit
1229 923 1280 929 —
1296 902 1445 941 notavit

102 979 172 1005 ora
201 968 319 1006 rubor
341 966 468 1005 simile
501 967 562 1004 est
586 965 731 1003 vitioso
756 964 817 1002 illi
847 964 889 1002 in
918 963 959 1000 M
992 971 1078 1001 XIII
1099 963 1181 1000 581
1215 962 1345 1005 rubor,
1371 971 1444 1008 quo

101 1026 314 1069 rubescunt,
347 1024 538 1063 dissimile
569 1031 618 1062 IV
639 1025 721 1062 329
757 1024 853 1061 330.
902 1021 1079 1071 reliquae
1111 1020 1313 1059 adsistunt
1333 1019 1443 1068 deae,

102 1085 146 1121 ut
177 1091 212 1121 11
232 1085 334 1133 4283
365 1083 561 1132 Arachne,
594 1082 670 1120 etsi
700 1093 779 1120 non
809 1080 964 1130 territa,
996 1082 1132 1118 tamen
1163 1079 1304 1122 exsilit,
1338 1076 1444 1127 quod

102 1143 163 1180 est
199 1142 354 1180 timoris
386 1149 440 1178 111
463 1142 545 1179 670
581 1141 676 1189 671,
714 1139 875 1188 pavoris
907 1147 957 1176 IX
978 1139 1082 1188 314,
1113 1137 1261 1176 furoris
1292 1136 1443 1175 1410.

219 1196 276 1237 54
313 1199 446 1237 HAUD
478 1206 627 1248 MORA,
666 1200 1242 1237 CONSTITUUNT—TELAS.
1303 1194 1444 1233 reduxi

102 1259 175 1296 hoc
213 1270 259 1296 ex
295 1258 422 1307 MLE3
466 1257 530 1294 ecli
567 1257 669 1295 solet
705 1258 923 1305 consistunt,
961 1255 1066 1305 quod
1100 1255 1142 1292 in
1179 1255 1213 1292 E
1252 1266 1337 1294 var.
1369 1265 1443 1292 ser.

102 1318 239 1355 stantis
263 1317 357 1354 telae
388 1317 449 1353 est
479 1323 528 1353 1v
550 1316 645 1357 275.
766 1311 853 1353 200
887 1321 980 1360 QUA
1013 1321 1240 1360 QUANTUM
1271 1319 1443 1351 DISTAT

103 1383 162 1412 AB
196 1373 342 1412 ORBA‘?
391 1374 487 1423 ITE,
521 1381 649 1412 SATIS
680 1381 771 1411 PRO
803 1380 957 1411 PROLE
990 1379 1198 1422 SAcR1s⁷r‚
1235 1379 1444 1410 LAURUM-

106 1440 197 1479 QUE
236 1439 445 1471 CAPILLIS
489 1432 681 1470 PONITE.
732 1443 807 1479 qua
850 1434 1050 1479 quantum,
1096 1432 1131 1470 si
1166 1430 1339 1469 Bentleii
1382 1431 1444 1468 est

105 1491 307 1541 eorrectio,
339 1493 400 1528 est
432 1490 552 1528 etiam
583 1491 624 1527 M
656 1492 696 1528 et
727 1490 896 1528 aliorum
928 1490 1158 1528 auotoritas.
1190 1501 1331 1529 versus
1356 1489 1445 1538 ipse

105 1549 180 1587 etsi
211 1549 296 1587 loco
329 1561 398 1587 suo
430 1551 573 1599 motus,
605 1548 800 1598 genuinus
826 1551 903 1598 est3
936 1548 986 1586 ad
1012 1561 1129 1598 quem
1153 1548 1327 1586 refertur
1347 1549 1444 1586 212.

105 1608 145 1645 in
175 1607 352 1656 proximo
390 1619 554 1645 rasurae
586 1619 686 1656 quae
725 1609 817 1645 sunt
853 1607 894 1644 in
925 1607 1039 1645 libris
1071 1607 1113 1645 M
1144 1609 1185 1646 et
1215 1607 1354 1658 Neap.,
1384 1618 1444 1645 re-

106 1667 214 1704 stant
251 1665 548 1703 examinandae:
591 1665 746 1704 Heinsii
784 1667 846 1704 est
875 1665 1149 1704 testimonium
1177 1676 1343 1714 propere
1380 1677 1444 1704 ex·

106 1727 192 1762 tare
223 1724 264 1762 in
287 1724 458 1774 vestigio
491 1724 694 1773 ampliore.
749 1736 848 1774 quae
878 1736 1006 1773 nuper
1030 1726 1230 1774 temptata
1261 1726 1365 1774 sunt,
1393 1724 1445 1762 ab

105 1782 280 1832 Hauptio
310 1782 382 1831 Ite,
413 1783 517 1830 satis,
542 1793 708 1830 propere
737 1784 797 1832 ite,
829 1784 931 1822 sacri
962 1786 1032 1828 est,
1066 1782 1294 1822 Alexandro
1325 1783 1445 1821 Riese

106 1841 177 1888 Ite,
206 1842 319 1884 satis,
347 1843 565 1889 properate,
597 1842 700 1880 sacri
731 1845 794 1884 est,
827 1841 912 1880 Nic.
944 1841 1146 1892 Madvigio
1177 1843 1256 1891 Ite,
1287 1844 1349 1881 sat
1380 1845 1445 1886 est,

105 1910 264 1946 propere
294 1911 319 1937 a
348 1901 481 1946 sacris,
512 1900 745 1949 hyperbatis
777 1900 874 1948 ipsis
907 1901 948 1939 et
972 1900 1185 1939 fflionis
1209 1900 1445 1950 intemperie

107 1968 299 2006 personae
329 1956 565 2007 dignitatem
595 1958 754 1996 tollunt.
803 1970 882 1997 non
914 1959 1194 2009 spoponderim
1223 1972 1286 1998 me
1304 1971 1446 1999 verum

110 2015 324 2064 invenisse,
362 2016 430 2054 sed
460 2017 659 2065 peroratio
693 2017 824 2066 aptior
855 2017 950 2055 erit:
990 2018 1246 2057 dimittuntur
1277 2030 1301 2057 a
1331 2030 1444 2058 sacro

111 2073 324 2111 Thebanae
355 2074 526 2112 formula
557 2075 752 2113 consimili
784 2087 829 2114 ae
858 2076 1018 2115 fuerant
1049 2077 1232 2116 admotae
1262 2089 1326 2116 vv.
1348 2077 1446 2126 159,

112 2133 212 2170 160:
245 2132 392 2169 dietum
422 2132 554 2170 fuerat
583 2135 648 2177 ite,
689 2135 775 2172 date
805 2135 981 2173 Latonae
1013 2138 1045 2174 et
1074 2136 1325 2184 Latonigenas·
1355 2136 1444 2174 duo-

109 2191 196 2233 bus,
239 2190 348 2228 lauro
385 2191 576 2229 innectite:
611 2192 783 2230 iteratur
818 2194 884 2241 ite,
921 2195 1017 2232 satis
1048 2197 1101 2234 est
1129 2205 1207 2242 pro
1242 2195 1446 2233 numium

108 2250 178 2286 isio
220 2259 395 2291 numero,
438 2251 570 2296 ponite
616 2250 782 2289 laurum.
932 2249 1015 2290 237
1063 2259 1217 2291 CRURA
1260 2260 1445 2292 ADNISA.

109 2317 263 2357 vereor,
300 2308 346 2345 ut
381 2307 478 2345 haee
511 2307 607 2346 satis
640 2311 747 2347 certa
779 2310 832 2348 sit
862 2311 1064 2350 correctio.
1125 2322 1244 2350 crura
1274 2312 1447 2351 admissa
