1527 2580
565 122 597 157 H
616 151 623 166 ,
651 126 834 158 505-578
849 149 856 157 .
1022 136 1163 158 cououis
1323 123 1376 164 37

160 232 365 273 Pulchrior
397 234 435 272 in
468 238 546 270 tota
567 265 577 283 ,
609 244 723 283 quani
757 232 954 271 Larissaea
987 232 1173 284 Coronis,

160 291 245 330 Non
278 292 351 330 suit
383 290 621 329 Haemonia.
661 291 805 342 placuit
839 291 937 343 tibi,
970 290 1179 342 Delphice,
1212 298 1343 343 certe,

161 349 260 389 Dum
292 349 349 388 vel
383 356 486 388 casta
519 349 620 400 suit,
651 349 709 387 vel
743 349 985 388 inobservata
1006 381 1014 389 .
1053 350 1120 389 sed
1153 350 1231 388 ales

73 417 138 448 545
161 408 293 447 Sensit
324 407 558 448 adulterium
590 407 809 447 Phoebeius
829 440 839 460 ,
872 414 992 459 utque
1024 408 1208 447 latentem

159 466 368 518 Detegeret
399 466 551 518 culpam
570 498 581 518 ,
613 478 690 504 nou
724 466 930 505 exorabilis
962 467 1076 506 iudex
1251 476 1277 500 s.
1299 475 1378 501 xvii.

159 525 214 564 Ad
247 525 448 564 dominum
481 524 664 563 tendebat
696 526 798 564 iter.
839 538 953 576 quem
986 525 1139 576 garrula
1167 527 1282 564 motis

160 583 423 634 Consequitur
454 585 623 636 pennis,
656 585 819 622 scitetur
854 590 893 622 ut
926 586 1051 622 omnia
1071 616 1082 636 ,
1115 586 1273 624 cornix:

160 641 377 693 Auditaque
411 643 492 681 viae
525 654 640 680 causa
673 639 767 681 ‘non
800 643 892 681 utile
926 639 1068 693 carpis’

72 700 292 752 5501nquit
319 698 437 740 ‘iter:
469 712 518 739 ne
551 713 692 752 sperne
726 713 833 740 meae
867 702 1065 752 praesagia
1096 701 1271 752 linguae.

159 759 260 805 Quid
281 759 422 798 fuerim
444 759 536 810 quid
562 761 739 812 simque,
768 760 850 798 vide
871 792 881 812 ,
913 762 1175 810 meritumque
1196 761 1379 811 require:

159 817 338 856 Invenies
370 819 550 856 nocuisse
583 817 727 857 fidem.
766 830 854 856 nam
888 825 1062 870 tempore
1096 818 1263 869 quodam

158 875 282 915 Pallas
313 875 641 927 Erichthonium,
672 876 822 928 prolem
855 878 938 916 sine
971 883 1094 916 matre
1127 882 1321 928 creatam,

159 934 360 973 Clauserat
390 935 532 973 Actaeo
566 941 670 973 texta
702 935 747 973 de
782 937 923 974 vimine
956 937 1074 987 cista,

71 1000 137 1031 555
158 992 462 1044 virginibusque
495 992 622 1032 tribus
654 995 807 1044 gemino
835 993 882 1032 de
916 993 1087 1044 Cecrope
1116 995 1215 1032 natis

159 1050 208 1090 Et
239 1051 365 1102 legem
397 1051 587 1103 dederat,
620 1063 690 1090 sua
722 1063 770 1090 ne
802 1058 955 1091 secreta
986 1052 1185 1091 viderent.

160 1109 298 1148 Abdita
331 1110 468 1148 fronde
501 1109 575 1148 levi
607 1109 726 1149 densa
757 1110 987 1162 speculabar
1019 1110 1066 1149 ab
1099 1111 1226 1162 ulmo,

160 1168 260 1213 Quid
294 1169 496 1207 facerent.
535 1170 741 1207 commissa
776 1169 874 1208 duae
908 1171 991 1208 sine
1027 1169 1160 1207 Fraude
1195 1176 1379 1222 tuentur,

158 1226 379 1265 Pandrosos
411 1232 526 1277 atque
559 1225 711 1265 Herse.
750 1227 904 1266 timidas
937 1233 1048 1266 vocat
1079 1239 1155 1266 una
1188 1239 1343 1265 sorores

72 1292 139 1324 560
159 1284 348 1336 Aglauros
367 1316 378 1337 ,
411 1285 612 1335 nodosque
646 1297 762 1324 manu
794 1285 970 1324 diducit.
1010 1291 1050 1324 et
1081 1287 1185 1324 intus

160 1343 428 1394 infantemque
462 1343 594 1382 vident
625 1350 980 1395 apporrectumque
1013 1344 1244 1383 draconem.

159 1404 253 1440 Acta
284 1401 378 1440 deae
411 1402 564 1440 resero.
603 1414 672 1453 pro
706 1414 783 1453 quo
816 1402 910 1441 mihi
942 1404 1065 1453 gratia
1098 1402 1183 1441 talis

159 1460 379 1512 Redditur,
411 1466 455 1499 ut
486 1461 592 1499 d1car
625 1460 745 1499 tutela
776 1460 886 1512 pulsa
918 1460 1113 1500 Minervae

160 1518 209 1557 Et
240 1530 362 1570 ponar
393 1525 484 1570 post
515 1520 641 1558 noctis
674 1531 812 1558 avem.
850 1531 936 1558 mea
967 1532 1092 1570 poena
1126 1519 1301 1558 volucres

71 1584 138 1616 565
158 1576 417 1616 Admonuisse
449 1583 608 1629 potest,
640 1589 688 1616 ne
722 1589 814 1617 voce
846 1578 1020 1629 pericula
1053 1585 1261 1630 quaerant.

158 1636 234 1688 At,
266 1641 361 1687 puto
381 1667 392 1688 ,
424 1648 502 1674 non
535 1635 638 1675 ultro
657 1668 668 1689 ,
700 1648 772 1675 nec
806 1637 1014 1687 quicquam
1046 1636 1120 1675 tale
1153 1643 1353 1687 rogantem

157 1693 217 1733 Me
249 1692 408 1745 petiit?
439 1696 522 1746 ipsa
552 1694 644 1733 licet
675 1694 748 1734 hoc
780 1707 801 1733 a
833 1694 985 1734 Pallade
1019 1707 1205 1746 quaeras:

159 1752 342 1798 Quamvis
374 1754 471 1791 irata
504 1759 564 1791 est
581 1785 592 1805 ,
625 1765 703 1792 non
735 1754 809 1791 hoc
841 1755 938 1792 irata
971 1753 1148 1804 negabit.

158 1810 255 1850 Nam
286 1822 348 1849 me
379 1810 570 1850 Phocaica
596 1811 724 1851 clarus
757 1811 895 1850 tellure
929 1811 1154 1863 Coroneus,

70 1877 137 1908 570
156 1868 256 1908 Nota
287 1869 456 1922 loquor,
487 1871 651 1921 genuit3
684 1871 913 1920 fueramque
945 1882 1016 1921 ego
1049 1871 1155 1921 regia
1188 1871 1319 1921 virgo:

157 1927 428 1979 Divitibusque
459 1930 618 1980 procis,
651 1941 698 1967 ne
732 1940 793 1967 me
826 1933 1062 1981 contemne,
1092 1928 1276 1980 peteba1·.

157 1986 297 2025 Forma
329 1986 423 2026 mihi
455 1989 616 2026 nocuit.
657 1999 744 2026 nam
777 1999 866 2026 cum
896 1999 968 2039 per
999 1987 1113 2026 litora
1144 1987 1260 2026 lentis

157 2043 342 2084 Passibus
361 2076 372 2097 ,
403 2051 447 2084 ut
477 2045 583 2084 soleo
603 2076 613 2096 ,
645 2057 796 2085 summa
827 2047 1019 2097 spatiarer
1049 2045 1217 2097 harena,

158 2102 262 2142 Vidit
291 2108 331 2143 et
362 2102 523 2143 incaluit
553 2103 679 2155 pelagi
711 2103 835 2142 deus.
876 2109 995 2155 utque
1026 2104 1223 2156 precando

70 2169 136 2200 575
157 2161 350 2213 Tempora
383 2174 472 2201 cum
503 2162 654 2201 blandis
686 2161 903 2213 absumpsit
934 2164 1061 2201 inania
1094 2162 1246 2214 verbis,

157 2219 242 2259 Vim
273 2226 383 2272 parat
413 2226 453 2260 et
483 2222 691 2271 sequitur.
730 2221 834 2271 fugio
868 2220 1110 2272 densumque
1143 2220 1322 2271 relinquo

156 2278 266 2318 Litus
285 2311 296 2331 ,
328 2285 367 2318 et
398 2281 438 2318 in
471 2278 576 2317 molli
607 2280 845 2330 nequiquam
876 2278 1000 2319 lassor
1033 2279 1198 2318 harena.

156 2335 248 2377 inde
281 2337 374 2377 deos
406 2337 662 2389 hominesque
695 2349 818 2390 voco,
850 2349 923 2378 nec
954 2340 1117 2390 contigit
1150 2337 1268 2376 ullum
