1554 2506
129 98 149 137 7
156 97 181 138 6
273 109 585 132 nnnmunomrcs
675 96 888 131 METAMM
902 120 912 131 .

155 214 221 246 355
243 206 359 257 Signa
391 211 496 258 tegat
527 206 632 245 claro
662 204 722 244 vel
754 204 916 244 candida
947 204 1024 244 lilia
1056 207 1179 245 vitro.

242 262 443 304 “Vicimus
475 269 514 303 et
544 275 655 303 meus
686 267 746 302 est
765 260 807 302 1²³
839 263 1027 302 exclamat
1058 265 1171 316 nais,
1203 269 1242 303 et
1273 266 1378 304 omni

242 323 357 362 Veste
389 322 527 374 procul
557 324 657 360 iacta
688 321 826 360 mediis
857 323 1068 361 inmittitur
1100 322 1238 374 undis,
1282 325 1293 372 j

240 381 562 432 Pugnantcmque
594 385 731 433 tenet,
762 379 1026 431 luctantiaque
1058 380 1191 419 oscula
1221 383 1368 434 carpit,

242 439 285 478 Si
325 440 520 489 iectatque
553 450 691 477 manus
709 470 720 491 ,
751 440 948 489 invitaque
980 443 1140 489 pectora
1170 440 1317 492 tangit,

153 506 220 537 360
240 497 269 535 Ε
319 509 424 536 nunc
455 496 527 535 hac
559 498 719 549 iuveni,
749 509 855 536 nunc
887 496 1217 536 circumfunditur
1247 497 1356 537 illac.

240 556 415 605 Denique
448 556 639 594 nitentem
671 560 808 594 contra
839 554 1017 606 elabique
1048 555 1243 594 volentem

240 613 403 664 Inplicat
420 645 431 666 ‚
463 618 507 652 ut
538 626 730 665 serpens,
763 626 879 665 quam
911 615 1017 664 regia
1048 615 1217 653 sustinet
1249 614 1327 653 ales

243 671 536 723 Sublimemque
563 673 692 724 rapit3
730 672 906 723 pendens
938 677 1054 723 caput
1085 671 1148 711 illa
1179 672 1380 724 pedesque

242 730 382 781 Alligat
412 736 452 769 et
483 730 605 769 cauda
636 732 848 781 spatiantes
879 730 1040 781 inplicat
1071 730 1172 770 alas:

152 796 219 828 365
239 787 336 828 Utve
368 788 495 828 solent
525 788 693 827 hederae
725 789 861 840 longos
892 790 1069 827 intexere
1101 793 1287 829 truncos:

238 846 367 898 thue
399 847 472 886 sub
505 847 741 898 aequoribus
772 847 1011 898 deprensum
1042 846 1208 898 polypus
1239 847 1392 887 hostem

241 904 427 944 Continet
458 918 504 944 ex
537 907 642 944 omni
674 906 845 944 dimissis
876 910 987 956 parte
1019 905 1203 956 flagellis.

240 964 395 1003 Perstat
425 964 663 1003 Atlantiades
681 995 693 1016 ‚
725 969 956 1015 sperataque
988 963 1128 1014 gaudia
1158 964 1350 1016 nymphae

242 1022 444 1073 Denegat.
482 1022 546 1061 illa
577 1024 748 1074 premit,
782 1023 1066 1073 commissaque
1099 1034 1264 1074 corpore
1299 1028 1380 1062 toto

157 1089 225 1119 370
247 1080 358 1119 Sicut
387 1080 643 1132 inhaerebat,
676 1077 859 1132 “pugnes
890 1080 981 1119 licet
998 1112 1009 1132 ‚
1040 1080 1219 1132 improbe
1237 1078 1264 1133 ,'
1296 1081 1393 1120 dixit

241 1136 341 1177 ‘Non
374 1144 504 1177 tamen
536 1139 697 1190 effugies
718 1170 726 1177 .
764 1140 817 1177 ita
849 1138 887 1176 di
918 1138 1085 1177 iubeatis
1102 1170 1114 1191 ,
1147 1144 1186 1178 et
1216 1141 1336 1178 istum

239 1196 351 1235 Nulla
383 1196 466 1236 dies
497 1209 517 1235 a
550 1209 611 1235 me
643 1209 716 1236 nec
748 1209 809 1235 me
842 1196 1000 1235 diducat
1030 1196 1076 1235 ab
1108 1198 1184 1236 isto
1199 1193 1241 1236 .”
1345 1205 1374 1233 ι.
1393 1206 1462 1234 xiv.

242 1255 338 1294 Vota
370 1267 462 1295 suos
493 1255 667 1294 habuere
699 1255 821 1294 deos.
859 1267 949 1294 nam
979 1256 1099 1294 mixta
1130 1255 1300 1295 duorum

242 1313 416 1365 Corpora
447 1315 664 1365 iunguntur
682 1345 693 1367 ‚
719 1314 916 1365 faciesque
948 1313 1150 1353 inducitur
1180 1314 1256 1353 illis

152 1379 219 1411 375
239 1371 351 1411 Una.
389 1371 496 1411 velut
526 1373 650 1423 siquis
683 1372 875 1411 conducat
907 1373 1053 1411 cortice
1072 1404 1084 1425 ,
1115 1384 1244 1411 ramos

241 1429 464 1469 Crescendo
495 1431 604 1482 iungi
635 1432 862 1482 pariterque
894 1430 1118 1470 adolescere
1151 1432 1300 1484 cernit,

241 1488 306 1527 Sic
331 1488 399 1528 nbi
431 1489 636 1540 complexu
668 1491 848 1528 coierunt
880 1488 1054 1528 membra
1083 1490 1235 1542 tenaci,

239 1546 319 1586 Nec
351 1547 428 1586 duo
461 1553 553 1586 sunt
579 1553 618 1586 et
648 1548 772 1586 forma
798 1547 969 1600 dupleX,
1001 1559 1075 1586 nec
1105 1548 1249 1587 femina
1280 1547 1358 1586 dici

239 1605 320 1644 Nec
338 1617 439 1657 puer
457 1611 501 1644 ut
520 1607 667 1658 possit,
687 1611 949 1656 neutrumque
971 1611 1010 1644 et
1028 1611 1241 1657 utrumque
1261 1605 1461 1646 videntur.

153 1672 222 1703 380
242 1663 347 1714 Ergo
378 1663 447 1702 uhi
479 1676 520 1703 se
552 1664 718 1714 liquidas
738 1696 748 1715 ‚
780 1676 858 1715 quo
889 1665 949 1702 vir
980 1664 1266 1716 descenderat,
1297 1663 1422 1704 undas

245 1721 500 1761 Semimarem
533 1723 674 1761 fecisse
706 1722 840 1775 videt,
870 1722 1097 1774 mollitaque
1128 1724 1170 1761 in
1199 1722 1276 1761 illis
1318 1764 1323 1769 ,

240 1780 442 1834 Membra,
473 1793 611 1820 manus
643 1780 838 1834 tendens,
877 1781 946 1820 sed
983 1783 1060 1819 iam
1095 1793 1176 1820 non
1211 1793 1306 1820 voce
1338 1780 1463 1833 virili,

240 1838 592 1890 Hermaphroditus
624 1841 677 1878 ait
708 1836 831 1878 “nato
863 1839 951 1878 date
983 1851 1147 1878 munera
1178 1845 1333 1892 vestro,

238 1897 288 1936 Et
318 1903 430 1948 pater
460 1903 500 1937 et
530 1899 737 1950 genetrix,
769 1897 974 1936 amborum
1005 1910 1148 1941 nomen
1179 1897 1363 1937 habenti:

153 1963 221 1995 385
243 1955 430 2006 Quisquis
461 1958 501 1995 in
532 1956 604 1995 hos
636 1957 765 1995 fontes
797 1957 856 1994 vir
887 1957 1068 2009 venerit,
1100 1961 1213 1995 exeat
1242 1955 1334 1994 inde

242 2013 408 2052 Semivir
426 2046 437 2066 ‚
469 2020 509 2053 et
540 2016 654 2053 tactis
687 2014 817 2054 subito
849 2014 1051 2053 mollescat
1081 2016 1122 2053 in
1153 2013 1271 2053 undis
1284 2010 1325 2053 ‚²³

239 2071 367 2111 Motus
398 2077 567 2124 uterque
599 2085 743 2124 parens
774 2074 855 2112 nati
886 2078 968 2112 rata
999 2072 1118 2112 verba
1149 2072 1328 2111 biformis

238 2129 376 2183 Fecit,
409 2136 448 2170 et
477 2132 628 2170 incesto
661 2132 810 2171 fontem
840 2131 1096 2171 medicamine
1129 2132 1246 2170 tinxit
1258 2127 1283 2171 .'

298 2188 406 2227 Finis
437 2194 521 2228 erat
552 2189 668 2228 dictis
688 2220 698 2229 .
735 2190 804 2229 sed
836 2190 963 2229 adhuc
994 2190 1159 2241 Minyeia
1190 2188 1322 2240 proles

153 2255 220 2286 390
241 2246 391 2298 Urguet
421 2259 520 2299 opus
538 2279 549 2300 ,
582 2249 811 2299 spernitque
839 2249 984 2301 deum,
1017 2249 1240 2298 festumque
1259 2247 1462 2299 profanatz

241 2305 438 2357 Tympana
471 2318 560 2345 cum
592 2305 721 2345 subito
753 2319 833 2346 non
864 2307 1092 2358 apparentia
1121 2306 1251 2345 raucis
