1527 2580
606 123 639 159 II
658 152 666 169 ,
692 128 894 160 ’127-799.
1063 139 1201 162 mvmu
1367 127 1421 167 43

203 234 343 279 Tristis
374 240 414 273 et
444 235 569 285 ignavi
603 234 826 285 plenissima
859 235 1044 288 frigoris,
1077 242 1115 273 et
1147 247 1244 286 quae

205 292 296 343 lgne
330 298 438 331 vacet
471 304 655 344 semper,
688 292 851 344 caligine
885 305 1040 345 semper
1072 292 1264 332 abundet.

115 359 182 390 ’165
204 350 289 390 Huc
320 350 387 390 ubi
419 353 598 402 pervenit
623 350 713 389 belli
747 351 955 390 metuenda
987 353 1141 404 virago,

204 409 387 448 Constitit
418 415 505 448 ante
539 409 726 460 domum,
760 422 885 460 neque
926 411 1028 448 enim
1062 411 1276 450 succedere
1311 412 1422 451 tectis

203 467 275 506 Fas
307 466 452 519 habet,
485 474 523 506 et
554 475 686 519 postes
719 475 890 507 extrema
923 469 1083 520 cuspide
1113 469 1263 520 pulsat.

204 526 424 566 Concussae
455 533 618 577 patuere
651 528 783 565 sores.
822 527 926 565 videt
956 529 1062 566 intus
1089 527 1268 566 edentem

204 584 387 636 vipereas
420 596 558 624 carnes
577 616 587 636 ‚
618 586 801 624 vitiorum
834 584 1013 624 alimenta
1045 598 1230 638 suorum,

117 642 391 682 ‘17olnvidiam
410 675 421 695 ‚
447 644 604 694 visaque
637 643 772 682 oculos
804 645 969 683 avertit.
1007 651 1045 682 at
1075 643 1138 683 illa

205 701 338 753 Surgit
369 701 487 740 humo
519 703 629 753 pigre
661 713 980 753 semesarumque
1012 702 1197 753 relinquit

204 760 377 811 Corpora
409 767 634 811 serpentum
655 792 665 812 ‚
697 772 893 811 passuque
925 760 1071 800 incedit
1101 762 1242 812 inerti;

205 818 331 869 thue
364 818 475 857 deam
507 818 602 857 vidit
633 819 834 869 formaque
868 820 1064 870 armisque
1096 819 1301 872 decoram,

206 877 427 929 ingemuit,
458 877 686 927 vultumque
718 879 812 915 inita
844 877 889 916 ad
922 879 1089 929 suspiria
1121 877 1251 916 duxit.

118 943 184 974 775
205 935 332 974 Pallor
363 937 402 973 in
436 947 502 974 ore
536 935 673 986 sedet,
706 937 849 974 macies
880 937 918 974 in
952 948 1116 986 corpore
1149 941 1254 987 toto,

205 993 406 1044 Nusquam
438 999 544 1032 recta
577 995 679 1032 acies
699 1025 710 1045 ,
742 993 862 1032 livent
893 992 1072 1044 rubigine
1106 994 1266 1045 dentes,

205 1051 370 1091 Pectora
402 1052 489 1091 felle
522 1054 678 1104 virent,
710 1052 840 1103 liiigua
867 1058 927 1090 est
957 1053 1104 1091 suffusa
1136 1064 1308 1091 veneno.

206 1110 323 1150 Risus
354 1110 495 1163 abest,
526 1111 601 1149 nisi
633 1122 749 1161 quem
781 1111 853 1149 visi
883 1123 1040 1149 movere
1072 1110 1251 1163 dolores,

205 1168 286 1208 Nec
317 1169 463 1208 fruitur
495 1181 630 1208 somno
650 1200 660 1220 ,
692 1168 918 1219 vigilacibus
951 1171 1077 1207 excita
1109 1170 1240 1222 curis,

119 1235 186 1266 780
207 1226 283 1266 Sed
316 1227 420 1266 videt
450 1229 624 1278 ingratos
642 1258 653 1279 ,
684 1227 970 1277 intabescitque
1003 1227 1191 1280 videndo,

207 1285 424 1325 Successus
455 1285 658 1324 hominum
676 1316 686 1337 ‚
719 1287 921 1336 carpitque
953 1291 994 1324 et
1025 1286 1198 1336 carpitur
1231 1297 1330 1338 una,

208 1344 530 1396 Suppliciumque
552 1356 666 1383 suum
687 1349 768 1382 est.
802 1345 976 1394 quamvis
997 1350 1127 1382 tamen
1148 1343 1305 1395 oderat,
1326 1343 1426 1383 illam

207 1402 366 1442 Talibus
399 1404 510 1442 ass'ata
542 1408 603 1441 est
633 1401 806 1440 breviter
837 1401 1013 1440 Tritonia
1045 1401 1187 1441 dictis:

207 1459 340 1500 ‘Infice
372 1460 460 1500 tabe
492 1467 558 1500 tua
590 1467 769 1499 natarum
802 1458 986 1511 Cecropis
1018 1472 1157 1499 unam.

121 1528 187 1559 785
210 1519 274 1559 Sic
305 1532 404 1571 opus
436 1525 523 1558 est.
561 1519 749 1571 Aglauros
787 1530 832 1557 ea
870 1525 930 1557 est
950 1515 975 1557 .'
1012 1518 1115 1557 haud
1154 1518 1267 1570 plura
1299 1518 1425 1558 locuta

207 1578 324 1630 Fugit
354 1584 394 1617 et
423 1580 601 1630 inpressa
632 1577 814 1616 tellurem
845 1576 1018 1628 reppulit
1048 1576 1180 1616 hasta.

208 1637 273 1676 llla
306 1637 418 1675 deam
449 1636 606 1687 obliquo
639 1636 853 1687 fugientem
884 1635 1030 1675 lumine
1064 1647 1230 1674 cernens

209 1696 408 1734 Murmura
439 1707 556 1747 parva
589 1694 723 1747 dedit,
755 1706 1113 1745 successurumque
1144 1693 1340 1732 Minervae

209 1753 407 1793 Indoluit.
444 1753 705 1804 baculumque
738 1754 869 1804 capit,
901 1752 1004 1803 quod
1037 1753 1171 1803 spinea
1204 1757 1327 1791 totum

122 1821 189 1852 790
209 1812 370 1851 Vincula
402 1812 639 1864 cingebant3
671 1812 934 1863 adopertaque
967 1809 1137 1849 nubibus
1169 1811 1265 1849 atris

210 1871 464 1922 Quacumque
495 1870 744 1922 ingreditur,
776 1869 953 1908 florentia
986 1870 1153 1920 proterit
1183 1880 1294 1921 arva,

210 1930 426 1980 Exuritque
459 1929 600 1968 herbas
633 1936 672 1968 et
702 1940 853 1968 summa
886 1929 1085 1966 cacumina
1118 1928 1267 1978 carpit,

211 1988 431 2039 Alssatuque
463 2000 534 2026 suo
567 1987 732 2039 populos
764 1985 962 2036 urbesque
995 1986 1210 2036 domosque

210 2046 382 2099 Polluit,
414 2053 454 2085 et
485 2046 640 2085 tandem
672 2044 875 2084 Tritonida
907 2045 1100 2095 conspicit
1130 2055 1259 2082 arcem

125 2114 190 2145 795
211 2105 383 2156 Ingeniis
414 2104 633 2156 opibusque
667 2110 705 2142 et
735 2104 834 2142 festa
866 2114 960 2154 pace
993 2105 1207 2154 virentem,

209 2163 359 2214 Vixque
390 2169 499 2202 tenet
529 2163 736 2214 lacrimas,
769 2162 858 2212 quia
890 2161 943 2200 nil
976 2159 1212 2200 lacrimabile
1246 2161 1394 2199 cernit.

212 2222 287 2261 Sed
318 2227 525 2274 postquam
558 2221 745 2260 thalamos
775 2221 934 2259 intravit
965 2219 1138 2271 Cecrope
1170 2224 1305 2271 natae,

213 2281 319 2319 lussa
351 2280 442 2319 facit
473 2285 690 2331 pectusque
722 2291 836 2318 manu
865 2279 1064 2330 ferrugine
1097 2279 1219 2317 tincta

210 2339 350 2391 Tangit
382 2346 420 2378 et
450 2338 614 2377 hamatis
645 2337 873 2389 praecordia
905 2336 1082 2376 sentibus
1114 2335 1260 2386 inplet,
