1527 2580
600 114 632 148 II
648 141 655 158 ,
682 117 866 150 eoo—873
883 141 889 148 .
1059 127 1190 150 eunom
1360 116 1414 156 45

197 221 304 262 ‘Fide
331 220 524 262 minister’
558 225 609 262 ait
642 221 853 263 ‘iussorum
874 256 884 276 ,
917 230 1035 275 nate,
1068 236 1268 276 meorum,

196 282 299 321 Pelle
332 293 503 333 moram,
536 282 727 332 solitoque
761 283 865 321 celer
897 282 1076 321 delabere
1109 295 1251 334 cursu,

197 341 382 391 Quaeque
415 346 520 379 tuam
553 347 716 379 matrem
749 341 863 379 tellus
895 353 915 379 a
947 348 1056 392 parte
1089 342 1245 379 sinistra

108 406 176 438 840
198 399 399 451 Suspicit,
431 398 634 450 indigenae
669 398 853 438 Sidonida
886 401 1040 438 nomine
1073 399 1231 451 dicunt,

195 456 303 496 Hanc
334 463 453 509 pete;
486 457 668 508 quodque
701 458 837 508 procul
877 464 1060 497 montano
1099 459 1271 509 gramine
1311 459 1416 509 pasci

194 518 424 555 Armentum
456 515 584 566 regale
617 516 753 568 vides,
785 516 830 554 ad
862 516 974 555 litora
1006 523 1113 555 verte
1129 513 1152 555 .'

196 574 327 613 Dixit:
366 580 405 613 et
436 574 587 625 expulsi
619 574 831 614 iandudum
864 581 994 614 monte
1028 577 1179 614 iuvenci

196 631 326 671 Litora
358 634 462 671 iussa
495 639 663 684 petunt,
695 632 763 672 ubi
794 635 923 684 magni
955 633 1029 672 filia
1062 635 1164 684 regis

107 698 175 730 845
196 690 349 730 Ludere
382 691 597 742 virginibus
629 691 757 742 Tyriis
789 694 970 731 comitata
1002 691 1168 730 solebat.

195 749 279 799 Non
312 749 412 789 bene
445 752 683 789 conveniunt
714 762 786 790 nec
818 752 857 789 in
889 762 965 789 una
998 750 1088 789 sede
1122 755 1323 789 morantur

197 807 376 847 Maiestas
410 814 448 847 et
480 820 617 847 amor.
656 810 801 860 sceptri
835 810 1021 860 gravitate
1054 808 1187 847 relicta

197 866 263 905 llle
294 872 406 918 pater
438 873 647 918 rectorque
680 867 796 906 deum
815 898 826 919 ‚
859 869 922 906 cui
954 867 1088 906 dextra
1122 867 1292 906 trisulcis

196 924 355 976 Ignibus
387 932 532 964 armata
564 932 653 977 est,
686 927 753 976 qui
785 932 883 964 nutu
917 927 1093 964 concutit
1124 925 1282 977 orbem,

107 991 176 1022 850
196 982 375 1022 lnduitur
407 984 544 1022 faciem
577 985 679 1022 tauri
710 985 932 1035 mixtusque
964 985 1139 1022 iuvencis
1278 991 1308 1016 f·
1327 991 1413 1017 xxvi.

194 1041 318 1093 Mugit
348 1048 388 1081 et
417 1044 456 1081 in
488 1043 637 1081 teneris
669 1042 864 1081 formosus
897 1041 1119 1081 obambulat
1150 1041 1305 1080 herbis.

197 1099 351 1152 Quippe
384 1100 492 1139 color
524 1102 624 1139 nivis
656 1107 744 1152 est,
778 1112 893 1152 quam
926 1112 998 1139 nec
1030 1101 1192 1151 vestigia
1224 1099 1313 1139 duri

196 1158 400 1198 Calcavere
432 1159 542 1210 pedis
575 1171 648 1197 nec
680 1159 794 1198 solvit
823 1160 1027 1210 aquaticus
1060 1165 1215 1197 auster.

197 1216 300 1256 Colla
332 1219 429 1256 toris
462 1223 623 1268 extant3
656 1219 773 1256 armis
805 1217 971 1268 palearia
1004 1217 1199 1268 pendent:

107 1283 174 1314 855
196 1275 350 1315 Cornua
381 1288 498 1327 parva
529 1275 710 1328 quidem,
743 1275 811 1314 sed
843 1287 941 1326 quae
974 1275 1212 1314 contendere
1244 1276 1370 1326 possis

196 1333 312 1373 Facta
342 1346 458 1373 manu
478 1366 489 1386 ‚
520 1346 697 1386 puraque
731 1335 851 1385 magis
883 1333 1082 1385 perlucida
1115 1345 1288 1384 gemma.

196 1392 331 1432 Nullae
363 1394 403 1431 in
435 1393 563 1432 fronte
596 1394 722 1431 minae
741 1424 752 1445 ,
784 1404 856 1431 nec
888 1391 1132 1430 formidabile
1163 1392 1318 1431 lumen:

195 1451 336 1490 Pacem
368 1450 498 1490 vultus
523 1450 667 1490 habet.
707 1452 871 1490 miratur
902 1451 1080 1501 Agenore
1113 1455 1224 1502 nata,

197 1509 309 1555 Quod
342 1515 420 1548 tam
453 1510 676 1562 formosus,
709 1509 812 1560 quod
838 1508 985 1560 proelia
1012 1508 1116 1547 nulla
1147 1510 1342 1559 minetur,

109 1576 177 1607 860
199 1567 275 1607 Sed
308 1569 482 1619 quamvis
513 1570 671 1620 mitem,
703 1569 844 1607 metuit
874 1569 1102 1618 contingere
1134 1568 1284 1618 primo:

197 1626 285 1665 Mox
311 1627 419 1679 adit,
451 1632 490 1666 et
520 1626 637 1665 ssores
670 1626 717 1664 ad
749 1625 911 1665 candida
943 1627 1109 1677 porrigit
1140 1637 1233 1664 ora.

198 1684 349 1724 Gaudet
380 1697 511 1724 amans
544 1692 611 1736 et,
644 1684 735 1724 dum
767 1685 896 1723 veniat
926 1689 1080 1736 sperata
1113 1683 1313 1735 voluptas,

199 1743 339 1783 Oscula
373 1743 438 1782 dat
468 1743 647 1782 manibus
668 1775 677 1782 .
713 1745 776 1782 vix
806 1744 912 1794 iam,
944 1744 1005 1781 vix
1038 1747 1167 1781 cetera
1200 1742 1351 1780 differt.

198 1801 248 1841 Et
278 1814 384 1841 nunc
415 1801 579 1854 alludit,
611 1801 803 1852 viridique
836 1801 983 1840 exultat
1013 1801 1052 1839 in
1084 1799 1227 1852 herba,

111 1869 178 1900 865
199 1860 312 1900 Nunc
342 1860 443 1900 latus
474 1862 515 1899 in
547 1860 661 1899 fulvis
693 1861 850 1899 niveum
882 1859 1042 1910 deponit
1073 1858 1253 1910 harenis;

198 1919 467 1970 Paulatimque
499 1924 606 1958 metu
639 1918 794 1970 dempto
821 1917 936 1956 modo
967 1922 1127 1969 pectora
1157 1917 1319 1968 praebet

198 1977 378 2030 Virginea
410 1977 598 2029 palpanda
630 1988 747 2016 manu
766 2008 777 2029 ,
801 1976 916 2015 modo
948 1987 1093 2014 cornua
1121 1977 1236 2014 sertis

199 2036 436 2087 Inpedienda
467 2038 606 2075 novis.
645 2047 737 2074 ausa
769 2041 830 2074 est
860 2046 1016 2085 quoque
1049 2035 1153 2085 regia
1186 2036 1317 2085 virgo,

200 2093 337 2134 Nescia
371 2106 486 2145 quem
517 2099 745 2146 premeret,
777 2099 886 2144 tergo
919 2092 1123 2132 considere
1149 2094 1275 2131 tauri:

112 2160 181 2193 870
201 2152 298 2192 Cum
330 2152 427 2191 deus
458 2165 479 2191 a
510 2158 616 2191 terra
648 2154 831 2203 siccoque
864 2163 884 2190 a
915 2151 1029 2190 litore
1061 2153 1206 2190 sensim

200 2211 307 2251 Fissa
339 2211 482 2263 pedum
514 2212 651 2262 primis
682 2211 843 2262 vestigia
873 2211 985 2261 ponit
1014 2211 1054 2249 in
1087 2209 1225 2261 undis,

201 2269 293 2309 inde
326 2269 406 2308 abit
435 2269 600 2308 ulterius
619 2300 631 2321 ,
663 2268 857 2320 mediique
889 2280 961 2320 per
992 2280 1161 2319 aequora
1192 2268 1302 2319 ponti

199 2327 293 2368 Fert
322 2327 506 2380 praedam
532 2359 541 2368 .
578 2332 693 2379 pavet
722 2327 817 2366 baec
849 2326 1019 2379 litusque
1053 2326 1176 2366 ablata
1208 2326 1387 2365 relictum
