<?xml version="1.0" encoding="UTF-8"?>
<!DOCTYPE html PUBLIC "-//W3C//DTD XHTML 1.0 Transitional//EN"
    "http://www.w3.org/TR/xhtml1/DTD/xhtml1-transitional.dtd">
<html xmlns="http://www.w3.org/1999/xhtml" xml:lang="en" lang="en">
 <head>
  <title>
</title>
<meta http-equiv="Content-Type" content="text/html;charset=utf-8" />
  <meta name='ocr-system' content='tesseract 3.04.00' />
  <meta name='ocr-capabilities' content='ocr_page ocr_carea ocr_par ocr_line ocrx_word'/>
</head>
<body>
  <div class='ocr_page' id='page_1' title='image "./ovidopera02oviduoft_0136.png"; bbox 0 0 1554 2506; ppageno 0'>
   <div class='ocr_carea' id='block_1_1' title="bbox 81 100 854 145">
    <p class='ocr_par' dir='ltr' id='par_1_1' title="bbox 81 100 854 145">
     <span class='ocr_line' id='line_1_1' title="bbox 81 100 854 145; baseline -0.005 -7"><span class='ocrx_word' id='word_1_1' title='bbox 81 104 135 145; x_wconf 82' lang='lat'>84</span> <span class='ocrx_word' id='word_1_2' title='bbox 324 115 431 137; x_wconf 64' lang='lat' dir='ltr'>arms</span> <span class='ocrx_word' id='word_1_3' title='bbox 627 100 840 135; x_wconf 84' lang='lat' dir='ltr'>METAMM</span> <span class='ocrx_word' id='word_1_4' title='bbox 846 126 854 134; x_wconf 88' lang='lat'><em>.</em></span> 
     </span>
    </p>
   </div>
   <div class='ocr_carea' id='block_1_2' title="bbox 108 207 1418 2368">
    <p class='ocr_par' dir='ltr' id='par_1_2' title="bbox 196 207 1392 321">
     <span class='ocr_line' id='line_1_2' title="bbox 196 207 1133 263; baseline -0.003 -12"><span class='ocrx_word' id='word_1_5' title='bbox 196 212 439 263; x_wconf 88' lang='lat' dir='ltr'>Arcebatque</span> <span class='ocrx_word' id='word_1_6' title='bbox 472 212 553 251; x_wconf 92' lang='lat' dir='ltr'>suis</span> <span class='ocrx_word' id='word_1_7' title='bbox 585 216 769 249; x_wconf 79' lang='lat' dir='ltr'>externos</span> <span class='ocrx_word' id='word_1_8' title='bbox 801 207 943 248; x_wconf 79' lang='lat' dir='ltr'>finibus</span> <span class='ocrx_word' id='word_1_9' title='bbox 975 221 1133 248; x_wconf 86' lang='lat' dir='ltr'>omnes.</span> 
     </span>
     <span class='ocr_line' id='line_1_3' title="bbox 197 266 1392 321; baseline -0.003 -12"><span class='ocrx_word' id='word_1_10' title='bbox 197 271 296 310; x_wconf 85' lang='lat' dir='ltr'>Huic</span> <span class='ocrx_word' id='word_1_11' title='bbox 328 282 483 321; x_wconf 90' lang='lat' dir='ltr'>quoque</span> <span class='ocrx_word' id='word_1_12' title='bbox 516 266 625 307; x_wconf 80' lang='lat' dir='ltr'>‘vade</span> <span class='ocrx_word' id='word_1_13' title='bbox 657 266 824 320; x_wconf 87' lang='lat' dir='ltr'>procul,</span> <span class='ocrx_word' id='word_1_14' title='bbox 856 279 904 306; x_wconf 90' lang='lat' dir='ltr'>ne</span> <span class='ocrx_word' id='word_1_15' title='bbox 936 267 1050 319; x_wconf 86' lang='lat' dir='ltr'>longe</span> <span class='ocrx_word' id='word_1_16' title='bbox 1082 267 1203 319; x_wconf 83' lang='lat' dir='ltr'>gloria</span> <span class='ocrx_word' id='word_1_17' title='bbox 1235 279 1392 319; x_wconf 87' lang='lat' dir='ltr'>rerum,</span> 
     </span>
    </p>

    <p class='ocr_par' dir='ltr' id='par_1_3' title="bbox 109 323 1417 611">
     <span class='ocr_line' id='line_1_4' title="bbox 109 323 1304 379; baseline -0.003 -11"><span class='ocrx_word' id='word_1_18' title='bbox 109 337 177 369; x_wconf 84' lang='lat'>650</span> <span class='ocrx_word' id='word_1_19' title='bbox 198 329 321 374; x_wconf 87' lang='lat' dir='ltr'>Quam</span> <span class='ocrx_word' id='word_1_20' title='bbox 353 328 532 366; x_wconf 87' lang='lat' dir='ltr'>mentiris</span> <span class='ocrx_word' id='word_1_21' title='bbox 551 323 576 379; x_wconf 79' lang='lat'>,³</span> <span class='ocrx_word' id='word_1_22' title='bbox 610 327 663 365; x_wconf 87' lang='lat' dir='ltr'>ait</span> <span class='ocrx_word' id='word_1_23' title='bbox 696 323 824 377; x_wconf 82' lang='lat' dir='ltr'>‘longe</span> <span class='ocrx_word' id='word_1_24' title='bbox 856 325 927 365; x_wconf 84' lang='lat' dir='ltr'>tibi</span> <span class='ocrx_word' id='word_1_25' title='bbox 958 325 1134 377; x_wconf 90' lang='lat' dir='ltr'>Iuppiter</span> <span class='ocrx_word' id='word_1_26' title='bbox 1166 325 1267 365; x_wconf 88' lang='lat' dir='ltr'>absit</span> <span class='ocrx_word' id='word_1_27' title='bbox 1278 323 1304 377; x_wconf 82' lang='lat'>,⁹</span> 
     </span>
     <span class='ocr_line' id='line_1_5' title="bbox 196 382 1358 437; baseline -0.001 -13"><span class='ocrx_word' id='word_1_28' title='bbox 196 387 359 437; x_wconf 84' lang='lat' dir='ltr'>Vimque</span> <span class='ocrx_word' id='word_1_29' title='bbox 392 386 506 424; x_wconf 86' lang='lat' dir='ltr'>minis</span> <span class='ocrx_word' id='word_1_30' title='bbox 538 384 644 423; x_wconf 84' lang='lat' dir='ltr'>addit</span> <span class='ocrx_word' id='word_1_31' title='bbox 675 383 933 436; x_wconf 90' lang='lat' dir='ltr'>manibusque</span> <span class='ocrx_word' id='word_1_32' title='bbox 966 382 1161 436; x_wconf 71' lang='lat' dir='ltr'>expellere</span> <span class='ocrx_word' id='word_1_33' title='bbox 1194 389 1358 436; x_wconf 86' lang='lat' dir='ltr'>temptat</span> 
     </span>
     <span class='ocr_line' id='line_1_6' title="bbox 198 441 1293 494; baseline -0.002 -10"><span class='ocrx_word' id='word_1_34' title='bbox 198 445 280 484; x_wconf 91' lang='lat' dir='ltr'>Cun</span> <span class='ocrx_word' id='word_1_35' title='bbox 309 449 453 484; x_wconf 85' lang='lat' dir='ltr'>tantem</span> <span class='ocrx_word' id='word_1_36' title='bbox 486 448 525 482; x_wconf 91' lang='lat' dir='ltr'>et</span> <span class='ocrx_word' id='word_1_37' title='bbox 555 441 716 494; x_wconf 86' lang='lat' dir='ltr'>placidis</span> <span class='ocrx_word' id='word_1_38' title='bbox 747 444 977 483; x_wconf 72' lang='lat' dir='ltr'>miscentem</span> <span class='ocrx_word' id='word_1_39' title='bbox 1010 443 1124 481; x_wconf 86' lang='lat' dir='ltr'>fortia</span> <span class='ocrx_word' id='word_1_40' title='bbox 1157 442 1293 482; x_wconf 82' lang='lat' dir='ltr'>dictiS.</span> 
     </span>
     <span class='ocr_line' id='line_1_7' title="bbox 195 457 1306 552; baseline -0.001 -12"><span class='ocrx_word' id='word_1_41' title='bbox 195 457 351 551; x_wconf 59' lang='lat' dir='ltr'>ViriZus</span> <span class='ocrx_word' id='word_1_42' title='bbox 384 502 547 540; x_wconf 80' lang='lat' dir='ltr'>inferior</span> <span class='ocrx_word' id='word_1_43' title='bbox 580 523 634 529; x_wconf 93' lang='lat'><strong>—</strong></span> <span class='ocrx_word' id='word_1_44' title='bbox 667 502 756 552; x_wconf 92' lang='lat' dir='ltr'>quis</span> <span class='ocrx_word' id='word_1_45' title='bbox 789 502 891 539; x_wconf 89' lang='lat' dir='ltr'>enim</span> <span class='ocrx_word' id='word_1_46' title='bbox 923 513 993 552; x_wconf 89' lang='lat' dir='ltr'>par</span> <span class='ocrx_word' id='word_1_47' title='bbox 1026 506 1131 540; x_wconf 88' lang='lat' dir='ltr'>esset</span> <span class='ocrx_word' id='word_1_48' title='bbox 1161 500 1306 540; x_wconf 82' lang='lat' dir='ltr'><strong>Atlanti</strong></span> 
     </span>
     <span class='ocr_line' id='line_1_8' title="bbox 197 556 1417 611; baseline 0 -13"><span class='ocrx_word' id='word_1_49' title='bbox 197 560 352 600; x_wconf 82' lang='lat' dir='ltr'>Viribus</span> <span class='ocrx_word' id='word_1_50' title='bbox 372 557 393 599; x_wconf 71' lang='lat' dir='ltr'><em>P</em></span> <span class='ocrx_word' id='word_1_51' title='bbox 413 581 467 587; x_wconf 90' lang='lat'><strong>—</strong></span> <span class='ocrx_word' id='word_1_52' title='bbox 490 556 544 598; x_wconf 76' lang='lat' dir='ltr'>‘at</span> <span class='ocrx_word' id='word_1_53' title='bbox 575 560 757 611; x_wconf 86' lang='lat' dir='ltr'>quoniam</span> <span class='ocrx_word' id='word_1_54' title='bbox 788 560 897 610; x_wconf 87' lang='lat' dir='ltr'>parvi</span> <span class='ocrx_word' id='word_1_55' title='bbox 928 558 998 598; x_wconf 88' lang='lat' dir='ltr'>tibi</span> <span class='ocrx_word' id='word_1_56' title='bbox 1031 561 1153 610; x_wconf 85' lang='lat' dir='ltr'>gratia</span> <span class='ocrx_word' id='word_1_57' title='bbox 1173 564 1307 598; x_wconf 86' lang='lat' dir='ltr'>nostra</span> <span class='ocrx_word' id='word_1_58' title='bbox 1335 565 1417 611; x_wconf 86' lang='lat' dir='ltr'>est,</span> 
     </span>
    </p>

    <p class='ocr_par' dir='ltr' id='par_1_4' title="bbox 109 614 1299 728">
     <span class='ocr_line' id='line_1_9' title="bbox 109 614 1299 670; baseline -0.001 -12"><span class='ocrx_word' id='word_1_59' title='bbox 109 627 175 658; x_wconf 76' lang='lat'>655</span> <span class='ocrx_word' id='word_1_60' title='bbox 196 620 338 670; x_wconf 81' lang='lat' dir='ltr'><strong>Accipe</strong></span> <span class='ocrx_word' id='word_1_61' title='bbox 371 630 514 657; x_wconf 88' lang='lat' dir='ltr'>munus</span> <span class='ocrx_word' id='word_1_62' title='bbox 534 614 559 657; x_wconf 85' lang='lat'>!’</span> <span class='ocrx_word' id='word_1_63' title='bbox 592 619 673 670; x_wconf 88' lang='lat' dir='ltr'>ait,</span> <span class='ocrx_word' id='word_1_64' title='bbox 704 618 888 668; x_wconf 85' lang='lat' dir='ltr'>laevaque</span> <span class='ocrx_word' id='word_1_65' title='bbox 921 629 942 656; x_wconf 88' lang='lat' dir='ltr'>a</span> <span class='ocrx_word' id='word_1_66' title='bbox 973 623 1083 669; x_wconf 90' lang='lat' dir='ltr'>parte</span> <span class='ocrx_word' id='word_1_67' title='bbox 1115 617 1299 657; x_wconf 82' lang='lat' dir='ltr'>Medusae</span> 
     </span>
     <span class='ocr_line' id='line_1_10' title="bbox 197 676 1130 728; baseline -0.002 -11"><span class='ocrx_word' id='word_1_68' title='bbox 197 678 283 728; x_wconf 90' lang='lat' dir='ltr'>lpse</span> <span class='ocrx_word' id='word_1_69' title='bbox 315 681 562 716; x_wconf 77' lang='lat' dir='ltr'>retroversus</span> <span class='ocrx_word' id='word_1_70' title='bbox 595 676 813 727; x_wconf 75' lang='lat' dir='ltr'>squalentia</span> <span class='ocrx_word' id='word_1_71' title='bbox 844 677 1009 727; x_wconf 88' lang='lat' dir='ltr'>protulit</span> <span class='ocrx_word' id='word_1_72' title='bbox 1041 688 1130 715; x_wconf 89' lang='lat' dir='ltr'>ora.</span> 
     </span>
    </p>

    <p class='ocr_par' dir='ltr' id='par_1_5' title="bbox 196 734 1418 904">
     <span class='ocr_line' id='line_1_11' title="bbox 196 734 1416 787; baseline 0 -13"><span class='ocrx_word' id='word_1_73' title='bbox 196 736 374 782; x_wconf 89' lang='lat' dir='ltr'>Quantus</span> <span class='ocrx_word' id='word_1_74' title='bbox 395 740 479 774; x_wconf 87' lang='lat' dir='ltr'>erat</span> <span class='ocrx_word' id='word_1_75' title='bbox 496 766 507 787; x_wconf 87' lang='lat'>,</span> <span class='ocrx_word' id='word_1_76' title='bbox 532 746 644 774; x_wconf 90' lang='lat' dir='ltr'>mons</span> <span class='ocrx_word' id='word_1_77' title='bbox 664 735 790 773; x_wconf 86' lang='lat' dir='ltr'>faetus</span> <span class='ocrx_word' id='word_1_78' title='bbox 811 734 938 774; x_wconf 89' lang='lat' dir='ltr'>Atlas.</span> <span class='ocrx_word' id='word_1_79' title='bbox 959 746 1048 773; x_wconf 89' lang='lat' dir='ltr'>nam</span> <span class='ocrx_word' id='word_1_80' title='bbox 1067 734 1185 774; x_wconf 84' lang='lat' dir='ltr'>barba</span> <span class='ocrx_word' id='word_1_81' title='bbox 1206 746 1416 786; x_wconf 86' lang='lat' dir='ltr'>comaeque</span> 
     </span>
     <span class='ocr_line' id='line_1_12' title="bbox 196 793 1347 846; baseline 0 -14"><span class='ocrx_word' id='word_1_82' title='bbox 196 795 239 833; x_wconf 89' lang='lat' dir='ltr'>In</span> <span class='ocrx_word' id='word_1_83' title='bbox 271 793 385 832; x_wconf 90' lang='lat' dir='ltr'>silvas</span> <span class='ocrx_word' id='word_1_84' title='bbox 418 793 591 846; x_wconf 87' lang='lat' dir='ltr'>abeunt,</span> <span class='ocrx_word' id='word_1_85' title='bbox 623 795 713 844; x_wconf 85' lang='lat' dir='ltr'>iuga</span> <span class='ocrx_word' id='word_1_86' title='bbox 744 798 836 832; x_wconf 88' lang='lat' dir='ltr'>sunt</span> <span class='ocrx_word' id='word_1_87' title='bbox 868 794 1073 844; x_wconf 83' lang='lat' dir='ltr'>umerique</span> <span class='ocrx_word' id='word_1_88' title='bbox 1105 805 1347 845; x_wconf 83' lang='lat' dir='ltr'>manusque3</span> 
     </span>
     <span class='ocr_line' id='line_1_13' title="bbox 197 852 1418 904; baseline -0.001 -12"><span class='ocrx_word' id='word_1_89' title='bbox 197 852 309 899; x_wconf 88' lang='lat' dir='ltr'>Quod</span> <span class='ocrx_word' id='word_1_90' title='bbox 341 857 458 903; x_wconf 86' lang='lat' dir='ltr'>caput</span> <span class='ocrx_word' id='word_1_91' title='bbox 488 858 577 891; x_wconf 85' lang='lat' dir='ltr'>aute</span> <span class='ocrx_word' id='word_1_92' title='bbox 609 852 683 891; x_wconf 84' lang='lat' dir='ltr'>suit</span> <span class='ocrx_word' id='word_1_93' title='bbox 700 883 711 904; x_wconf 84' lang='lat'>,</span> <span class='ocrx_word' id='word_1_94' title='bbox 743 863 895 890; x_wconf 89' lang='lat' dir='ltr'>summo</span> <span class='ocrx_word' id='word_1_95' title='bbox 916 856 977 891; x_wconf 90' lang='lat' dir='ltr'>est</span> <span class='ocrx_word' id='word_1_96' title='bbox 995 853 1035 890; x_wconf 93' lang='lat' dir='ltr'>in</span> <span class='ocrx_word' id='word_1_97' title='bbox 1056 857 1187 891; x_wconf 88' lang='lat' dir='ltr'>monte</span> <span class='ocrx_word' id='word_1_98' title='bbox 1208 863 1418 903; x_wconf 81' lang='lat' dir='ltr'>cacumen3</span> 
     </span>
    </p>

    <p class='ocr_par' dir='ltr' id='par_1_6' title="bbox 108 910 1416 1078">
     <span class='ocr_line' id='line_1_14' title="bbox 108 910 1270 963; baseline 0 -14"><span class='ocrx_word' id='word_1_99' title='bbox 108 919 175 951; x_wconf 89' lang='lat'>660</span> <span class='ocrx_word' id='word_1_100' title='bbox 197 911 295 950; x_wconf 83' lang='lat' dir='ltr'>Ossa</span> <span class='ocrx_word' id='word_1_101' title='bbox 325 910 422 963; x_wconf 86' lang='lat' dir='ltr'>lapis</span> <span class='ocrx_word' id='word_1_102' title='bbox 454 911 581 950; x_wconf 88' lang='lat' dir='ltr'>fiunt.</span> <span class='ocrx_word' id='word_1_103' title='bbox 613 915 697 949; x_wconf 90' lang='lat' dir='ltr'>tum</span> <span class='ocrx_word' id='word_1_104' title='bbox 728 915 860 961; x_wconf 89' lang='lat' dir='ltr'>partes</span> <span class='ocrx_word' id='word_1_105' title='bbox 892 915 1030 949; x_wconf 87' lang='lat' dir='ltr'>auctus</span> <span class='ocrx_word' id='word_1_106' title='bbox 1062 911 1103 949; x_wconf 85' lang='lat' dir='ltr'>in</span> <span class='ocrx_word' id='word_1_107' title='bbox 1135 922 1270 949; x_wconf 86' lang='lat' dir='ltr'>omnes</span> 
     </span>
     <span class='ocr_line' id='line_1_15' title="bbox 197 968 1416 1009; baseline -0.001 -1"><span class='ocrx_word' id='word_1_108' title='bbox 197 969 328 1009; x_wconf 86' lang='lat' dir='ltr'>Crevit</span> <span class='ocrx_word' id='word_1_109' title='bbox 357 971 397 1008; x_wconf 93' lang='lat' dir='ltr'>in</span> <span class='ocrx_word' id='word_1_110' title='bbox 428 970 652 1008; x_wconf 88' lang='lat' dir='ltr'>inmensum</span> <span class='ocrx_word' id='word_1_111' title='bbox 685 990 739 996; x_wconf 93' lang='lat'><strong>—</strong></span> <span class='ocrx_word' id='word_1_112' title='bbox 773 969 829 1007; x_wconf 85' lang='lat' dir='ltr'>sic</span> <span class='ocrx_word' id='word_1_113' title='bbox 861 968 900 1007; x_wconf 92' lang='lat' dir='ltr'>di</span> <span class='ocrx_word' id='word_1_114' title='bbox 932 970 1124 1008; x_wconf 81' lang='lat' dir='ltr'>statuistis</span> <span class='ocrx_word' id='word_1_115' title='bbox 1153 990 1203 996; x_wconf 86' lang='lat'>—</span> <span class='ocrx_word' id='word_1_116' title='bbox 1232 975 1273 1008; x_wconf 87' lang='lat' dir='ltr'>et</span> <span class='ocrx_word' id='word_1_117' title='bbox 1303 980 1416 1008; x_wconf 86' lang='lat' dir='ltr'>omne</span> 
     </span>
     <span class='ocr_line' id='line_1_16' title="bbox 197 1026 1200 1078; baseline -0.001 -11"><span class='ocrx_word' id='word_1_118' title='bbox 197 1027 294 1067; x_wconf 89' lang='lat' dir='ltr'>Cum</span> <span class='ocrx_word' id='word_1_119' title='bbox 326 1033 386 1067; x_wconf 92' lang='lat' dir='ltr'>tot</span> <span class='ocrx_word' id='word_1_120' title='bbox 410 1027 607 1067; x_wconf 84' lang='lat' dir='ltr'>sideribus</span> <span class='ocrx_word' id='word_1_121' title='bbox 639 1027 790 1066; x_wconf 87' lang='lat' dir='ltr'>caelum</span> <span class='ocrx_word' id='word_1_122' title='bbox 821 1028 1016 1078; x_wconf 83' lang='lat' dir='ltr'>requievit</span> <span class='ocrx_word' id='word_1_123' title='bbox 1046 1028 1086 1066; x_wconf 90' lang='lat' dir='ltr'>in</span> <span class='ocrx_word' id='word_1_124' title='bbox 1112 1026 1200 1067; x_wconf 91' lang='lat' dir='ltr'>illo.</span> 
     </span>
    </p>

    <p class='ocr_par' dir='ltr' id='par_1_7' title="bbox 196 1085 1418 1196">
     <span class='ocr_line' id='line_1_17' title="bbox 255 1085 1418 1139; baseline -0.001 -14"><span class='ocrx_word' id='word_1_125' title='bbox 255 1086 457 1125; x_wconf 82' lang='lat' dir='ltr'>Clauserat</span> <span class='ocrx_word' id='word_1_126' title='bbox 486 1085 724 1137; x_wconf 84' lang='lat' dir='ltr'>Hippotades</span> <span class='ocrx_word' id='word_1_127' title='bbox 756 1090 915 1124; x_wconf 88' lang='lat' dir='ltr'>aeterno</span> <span class='ocrx_word' id='word_1_128' title='bbox 949 1097 1108 1125; x_wconf 89' lang='lat' dir='ltr'>carcere</span> <span class='ocrx_word' id='word_1_129' title='bbox 1139 1091 1300 1139; x_wconf 82' lang='lat' dir='ltr'>ventos,</span> <span class='ocrx_word' id='word_1_130' title='bbox 1331 1094 1359 1119; x_wconf 76' lang='lat' dir='ltr'>t·</span> <span class='ocrx_word' id='word_1_131' title='bbox 1378 1094 1418 1120; x_wconf 79' lang='lat' dir='ltr'>li.</span> 
     </span>
     <span class='ocr_line' id='line_1_18' title="bbox 196 1143 1218 1196; baseline -0.001 -13"><span class='ocrx_word' id='word_1_132' title='bbox 196 1144 503 1195; x_wconf 84' lang='lat' dir='ltr'>Admonitorque</span> <span class='ocrx_word' id='word_1_133' title='bbox 535 1156 699 1196; x_wconf 89' lang='lat' dir='ltr'>operum</span> <span class='ocrx_word' id='word_1_134' title='bbox 732 1143 838 1183; x_wconf 87' lang='lat' dir='ltr'>caelo</span> <span class='ocrx_word' id='word_1_135' title='bbox 870 1143 1110 1183; x_wconf 87' lang='lat' dir='ltr'>clarissimus</span> <span class='ocrx_word' id='word_1_136' title='bbox 1142 1143 1218 1183; x_wconf 85' lang='lat' dir='ltr'>alto</span> 
     </span>
    </p>

    <p class='ocr_par' dir='ltr' id='par_1_8' title="bbox 110 1201 1365 1370">
     <span class='ocr_line' id='line_1_19' title="bbox 110 1201 1283 1254; baseline -0.001 -12"><span class='ocrx_word' id='word_1_137' title='bbox 110 1211 176 1242; x_wconf 80' lang='grc'>665</span> <span class='ocrx_word' id='word_1_138' title='bbox 199 1203 355 1242; x_wconf 85' lang='lat' dir='ltr'>Lucifer</span> <span class='ocrx_word' id='word_1_139' title='bbox 388 1208 499 1241; x_wconf 88' lang='lat' dir='ltr'>ortus</span> <span class='ocrx_word' id='word_1_140' title='bbox 531 1208 643 1242; x_wconf 86' lang='lat' dir='ltr'>erat.</span> <span class='ocrx_word' id='word_1_141' title='bbox 681 1203 821 1253; x_wconf 87' lang='lat' dir='ltr'>pennis</span> <span class='ocrx_word' id='word_1_142' title='bbox 852 1201 946 1253; x_wconf 86' lang='lat' dir='ltr'>ligat</span> <span class='ocrx_word' id='word_1_143' title='bbox 976 1201 1039 1241; x_wconf 89' lang='lat' dir='ltr'>ille</span> <span class='ocrx_word' id='word_1_144' title='bbox 1071 1204 1283 1254; x_wconf 82' lang='lat' dir='ltr'>resumptis</span> 
     </span>
     <span class='ocr_line' id='line_1_20' title="bbox 196 1259 1365 1314; baseline 0 -14"><span class='ocrx_word' id='word_1_145' title='bbox 196 1262 311 1301; x_wconf 83' lang='lat' dir='ltr'>Parte</span> <span class='ocrx_word' id='word_1_146' title='bbox 343 1261 389 1300; x_wconf 87' lang='lat' dir='ltr'>ab</span> <span class='ocrx_word' id='word_1_147' title='bbox 422 1267 588 1312; x_wconf 88' lang='lat' dir='ltr'>utraque</span> <span class='ocrx_word' id='word_1_148' title='bbox 619 1261 770 1313; x_wconf 84' lang='lat' dir='ltr'>pedes,</span> <span class='ocrx_word' id='word_1_149' title='bbox 801 1259 958 1312; x_wconf 89' lang='lat' dir='ltr'>teloque</span> <span class='ocrx_word' id='word_1_150' title='bbox 990 1262 1207 1312; x_wconf 87' lang='lat' dir='ltr'>aecingitur</span> <span class='ocrx_word' id='word_1_151' title='bbox 1239 1273 1365 1314; x_wconf 85' lang='lat' dir='ltr'>unco,</span> 
     </span>
     <span class='ocr_line' id='line_1_21' title="bbox 197 1318 1118 1370; baseline 0.001 -12"><span class='ocrx_word' id='word_1_152' title='bbox 197 1319 245 1359; x_wconf 89' lang='lat' dir='ltr'>Et</span> <span class='ocrx_word' id='word_1_153' title='bbox 275 1319 467 1370; x_wconf 86' lang='lat' dir='ltr'>liquidum</span> <span class='ocrx_word' id='word_1_154' title='bbox 499 1321 615 1358; x_wconf 84' lang='lat' dir='ltr'>motis</span> <span class='ocrx_word' id='word_1_155' title='bbox 646 1318 833 1358; x_wconf 89' lang='lat' dir='ltr'>talaribus</span> <span class='ocrx_word' id='word_1_156' title='bbox 865 1323 954 1358; x_wconf 78' lang='lat' dir='ltr'>aera</span> <span class='ocrx_word' id='word_1_157' title='bbox 985 1318 1118 1359; x_wconf 87' lang='lat' dir='ltr'>findit.</span> 
     </span>
    </p>

    <p class='ocr_par' dir='ltr' id='par_1_9' title="bbox 197 1377 1289 1489">
     <span class='ocr_line' id='line_1_22' title="bbox 198 1377 1289 1429; baseline 0 -12"><span class='ocrx_word' id='word_1_158' title='bbox 198 1378 387 1417; x_wconf 78' lang='lat' dir='ltr'>Gentibus</span> <span class='ocrx_word' id='word_1_159' title='bbox 419 1379 637 1417; x_wconf 88' lang='lat' dir='ltr'>innumeris</span> <span class='ocrx_word' id='word_1_160' title='bbox 669 1380 897 1429; x_wconf 85' lang='lat' dir='ltr'>circumque</span> <span class='ocrx_word' id='word_1_161' title='bbox 929 1378 1110 1429; x_wconf 76' lang='lat' dir='ltr'>infraque</span> <span class='ocrx_word' id='word_1_162' title='bbox 1141 1377 1289 1418; x_wconf 87' lang='lat' dir='ltr'>relictis</span> 
     </span>
     <span class='ocr_line' id='line_1_23' title="bbox 197 1436 1289 1489; baseline -0.001 -13"><span class='ocrx_word' id='word_1_163' title='bbox 197 1436 434 1488; x_wconf 89' lang='lat' dir='ltr'>Aethiopum</span> <span class='ocrx_word' id='word_1_164' title='bbox 466 1437 630 1488; x_wconf 87' lang='lat' dir='ltr'>populos</span> <span class='ocrx_word' id='word_1_165' title='bbox 649 1468 660 1489; x_wconf 84' lang='lat'><em>,</em></span> <span class='ocrx_word' id='word_1_166' title='bbox 692 1436 925 1488; x_wconf 88' lang='lat' dir='ltr'>Cepheaque</span> <span class='ocrx_word' id='word_1_167' title='bbox 957 1438 1150 1488; x_wconf 87' lang='lat' dir='ltr'>conspicit</span> <span class='ocrx_word' id='word_1_168' title='bbox 1181 1448 1289 1476; x_wconf 90' lang='lat' dir='ltr'>arva.</span> 
     </span>
    </p>

    <p class='ocr_par' dir='ltr' id='par_1_10' title="bbox 110 1494 1242 1604">
     <span class='ocr_line' id='line_1_24' title="bbox 110 1494 1153 1546; baseline 0.001 -12"><span class='ocrx_word' id='word_1_169' title='bbox 110 1504 179 1536; x_wconf 80' lang='grc'>670</span> <span class='ocrx_word' id='word_1_170' title='bbox 199 1495 280 1534; x_wconf 84' lang='lat' dir='ltr'>[llic</span> <span class='ocrx_word' id='word_1_171' title='bbox 310 1496 533 1534; x_wconf 86' lang='lat' dir='ltr'>inmeritam</span> <span class='ocrx_word' id='word_1_172' title='bbox 565 1501 763 1534; x_wconf 85' lang='lat' dir='ltr'>maternae</span> <span class='ocrx_word' id='word_1_173' title='bbox 794 1494 967 1546; x_wconf 87' lang='lat' dir='ltr'>pendere</span> <span class='ocrx_word' id='word_1_174' title='bbox 998 1494 1153 1546; x_wconf 87' lang='lat' dir='ltr'>linguae</span> 
     </span>
     <span class='ocr_line' id='line_1_25' title="bbox 197 1553 1242 1604; baseline 0.001 -12"><span class='ocrx_word' id='word_1_175' title='bbox 197 1553 470 1592; x_wconf 90' lang='lat' dir='ltr'>Andromedan</span> <span class='ocrx_word' id='word_1_176' title='bbox 502 1566 646 1604; x_wconf 87' lang='lat' dir='ltr'>poenas</span> <span class='ocrx_word' id='word_1_177' title='bbox 677 1554 824 1592; x_wconf 88' lang='lat' dir='ltr'>inmitis</span> <span class='ocrx_word' id='word_1_178' title='bbox 856 1555 1025 1592; x_wconf 84' lang='lat' dir='ltr'>iusserat</span> <span class='ocrx_word' id='word_1_179' title='bbox 1054 1555 1242 1593; x_wconf 86' lang='lat' dir='ltr'>Ammon.</span> 
     </span>
    </p>

    <p class='ocr_par' dir='ltr' id='par_1_11' title="bbox 197 1611 1370 1782">
     <span class='ocr_line' id='line_1_26' title="bbox 199 1611 1307 1663; baseline 0.002 -13"><span class='ocrx_word' id='word_1_180' title='bbox 199 1612 322 1658; x_wconf 86' lang='lat' dir='ltr'>Quam</span> <span class='ocrx_word' id='word_1_181' title='bbox 354 1612 468 1650; x_wconf 90' lang='lat' dir='ltr'>simul</span> <span class='ocrx_word' id='word_1_182' title='bbox 501 1612 547 1651; x_wconf 87' lang='lat' dir='ltr'>ad</span> <span class='ocrx_word' id='word_1_183' title='bbox 579 1612 696 1651; x_wconf 87' lang='lat' dir='ltr'>duras</span> <span class='ocrx_word' id='word_1_184' title='bbox 728 1611 928 1663; x_wconf 85' lang='lat' dir='ltr'>religatam</span> <span class='ocrx_word' id='word_1_185' title='bbox 960 1611 1142 1652; x_wconf 83' lang='lat' dir='ltr'>bracchia</span> <span class='ocrx_word' id='word_1_186' title='bbox 1173 1619 1307 1652; x_wconf 87' lang='lat' dir='ltr'>cautes</span> 
     </span>
     <span class='ocr_line' id='line_1_27' title="bbox 198 1669 1370 1723; baseline 0.003 -17"><span class='ocrx_word' id='word_1_187' title='bbox 198 1670 302 1710; x_wconf 86' lang='lat' dir='ltr'>Vidit</span> <span class='ocrx_word' id='word_1_188' title='bbox 332 1669 595 1722; x_wconf 84' lang='lat' dir='ltr'>Abantiades,</span> <span class='ocrx_word' id='word_1_189' title='bbox 628 1692 682 1698; x_wconf 95' lang='lat'><strong>—</strong></span> <span class='ocrx_word' id='word_1_190' title='bbox 715 1672 791 1709; x_wconf 90' lang='lat' dir='ltr'>nisi</span> <span class='ocrx_word' id='word_1_191' title='bbox 824 1670 928 1721; x_wconf 90' lang='lat' dir='ltr'>quod</span> <span class='ocrx_word' id='word_1_192' title='bbox 959 1670 1055 1710; x_wconf 88' lang='lat' dir='ltr'>levis</span> <span class='ocrx_word' id='word_1_193' title='bbox 1087 1683 1180 1710; x_wconf 86' lang='lat' dir='ltr'>aura</span> <span class='ocrx_word' id='word_1_194' title='bbox 1212 1671 1370 1723; x_wconf 87' lang='lat' dir='ltr'>capillos</span> 
     </span>
     <span class='ocr_line' id='line_1_28' title="bbox 197 1728 1191 1782; baseline 0.001 -14"><span class='ocrx_word' id='word_1_195' title='bbox 197 1728 399 1782; x_wconf 87' lang='lat' dir='ltr'>Moverat,</span> <span class='ocrx_word' id='word_1_196' title='bbox 430 1735 470 1768; x_wconf 89' lang='lat' dir='ltr'>et</span> <span class='ocrx_word' id='word_1_197' title='bbox 500 1728 630 1780; x_wconf 86' lang='lat' dir='ltr'>tepido</span> <span class='ocrx_word' id='word_1_198' title='bbox 663 1728 871 1768; x_wconf 90' lang='lat' dir='ltr'>manabant</span> <span class='ocrx_word' id='word_1_199' title='bbox 900 1728 1047 1768; x_wconf 88' lang='lat' dir='ltr'>lumina</span> <span class='ocrx_word' id='word_1_200' title='bbox 1072 1728 1191 1782; x_wconf 86' lang='lat' dir='ltr'>ssetu,</span> 
     </span>
    </p>

    <p class='ocr_par' dir='ltr' id='par_1_12' title="bbox 111 1787 1418 1956">
     <span class='ocr_line' id='line_1_29' title="bbox 111 1787 1418 1840; baseline 0.002 -14"><span class='ocrx_word' id='word_1_201' title='bbox 111 1796 177 1826; x_wconf 78' lang='lat'>675</span> <span class='ocrx_word' id='word_1_202' title='bbox 197 1787 459 1826; x_wconf 85' lang='lat' dir='ltr'>Marmoreum</span> <span class='ocrx_word' id='word_1_203' title='bbox 491 1794 599 1826; x_wconf 87' lang='lat' dir='ltr'>ratus</span> <span class='ocrx_word' id='word_1_204' title='bbox 626 1794 731 1827; x_wconf 84' lang='lat' dir='ltr'>esset</span> <span class='ocrx_word' id='word_1_205' title='bbox 761 1799 859 1839; x_wconf 86' lang='lat' dir='ltr'>opus</span> <span class='ocrx_word' id='word_1_206' title='bbox 892 1809 947 1815; x_wconf 94' lang='lat'><strong>—</strong></span> <span class='ocrx_word' id='word_1_207' title='bbox 981 1787 1100 1827; x_wconf 87' lang='lat' dir='ltr'>trahit</span> <span class='ocrx_word' id='word_1_208' title='bbox 1129 1789 1278 1828; x_wconf 87' lang='lat' dir='ltr'>inscius</span> <span class='ocrx_word' id='word_1_209' title='bbox 1309 1789 1418 1840; x_wconf 84' lang='lat' dir='ltr'>ignes</span> 
     </span>
     <span class='ocr_line' id='line_1_30' title="bbox 197 1844 1260 1898; baseline 0.001 -14"><span class='ocrx_word' id='word_1_210' title='bbox 197 1844 248 1884; x_wconf 87' lang='lat' dir='ltr'>Et</span> <span class='ocrx_word' id='word_1_211' title='bbox 279 1851 439 1897; x_wconf 85' lang='lat' dir='ltr'>stupet.</span> <span class='ocrx_word' id='word_1_212' title='bbox 478 1847 640 1885; x_wconf 82' lang='lat' dir='ltr'>eximiae</span> <span class='ocrx_word' id='word_1_213' title='bbox 673 1852 881 1897; x_wconf 86' lang='lat' dir='ltr'>correptus</span> <span class='ocrx_word' id='word_1_214' title='bbox 913 1848 1080 1898; x_wconf 80' lang='lat' dir='ltr'>imagine</span> <span class='ocrx_word' id='word_1_215' title='bbox 1113 1847 1260 1886; x_wconf 89' lang='lat' dir='ltr'>formae</span> 
     </span>
     <span class='ocr_line' id='line_1_31' title="bbox 198 1903 1312 1956; baseline 0.002 -13"><span class='ocrx_word' id='word_1_216' title='bbox 198 1903 326 1943; x_wconf 86' lang='lat' dir='ltr'>Paene</span> <span class='ocrx_word' id='word_1_217' title='bbox 359 1916 448 1944; x_wconf 91' lang='lat' dir='ltr'>suas</span> <span class='ocrx_word' id='word_1_218' title='bbox 481 1910 642 1955; x_wconf 87' lang='lat' dir='ltr'>quatere</span> <span class='ocrx_word' id='word_1_219' title='bbox 674 1910 735 1944; x_wconf 89' lang='lat' dir='ltr'>est</span> <span class='ocrx_word' id='word_1_220' title='bbox 766 1904 910 1943; x_wconf 89' lang='lat' dir='ltr'>oblitus</span> <span class='ocrx_word' id='word_1_221' title='bbox 940 1906 982 1944; x_wconf 93' lang='lat' dir='ltr'>in</span> <span class='ocrx_word' id='word_1_222' title='bbox 1013 1908 1111 1956; x_wconf 10' lang='lat' dir='ltr'>aesta*</span> <span class='ocrx_word' id='word_1_223' title='bbox 1135 1917 1312 1956; x_wconf 86' lang='lat' dir='ltr'>pennas.</span> 
     </span>
    </p>

    <p class='ocr_par' dir='ltr' id='par_1_13' title="bbox 200 1959 1303 2075">
     <span class='ocr_line' id='line_1_32' title="bbox 200 1959 1225 2016; baseline 0.002 -15"><span class='ocrx_word' id='word_1_224' title='bbox 200 1961 250 2001; x_wconf 88' lang='lat' dir='ltr'>Ut</span> <span class='ocrx_word' id='word_1_225' title='bbox 281 1965 418 2015; x_wconf 82' lang='lat' dir='ltr'>stetit,</span> <span class='ocrx_word' id='word_1_226' title='bbox 451 1959 504 2002; x_wconf 77' lang='lat' dir='ltr'>‘o&#39;</span> <span class='ocrx_word' id='word_1_227' title='bbox 537 1963 634 2002; x_wconf 83' lang='lat' dir='ltr'>dixit</span> <span class='ocrx_word' id='word_1_228' title='bbox 665 1960 759 2002; x_wconf 76' lang='lat' dir='ltr'>‘non</span> <span class='ocrx_word' id='word_1_229' title='bbox 789 1964 875 2002; x_wconf 88' lang='lat' dir='ltr'>istis</span> <span class='ocrx_word' id='word_1_230' title='bbox 907 1962 1023 2014; x_wconf 87' lang='lat' dir='ltr'>digna</span> <span class='ocrx_word' id='word_1_231' title='bbox 1053 1965 1225 2016; x_wconf 86' lang='lat' dir='ltr'>catenis,</span> 
     </span>
     <span class='ocr_line' id='line_1_33' title="bbox 202 2020 1303 2075; baseline 0.002 -16"><span class='ocrx_word' id='word_1_232' title='bbox 202 2020 279 2059; x_wconf 78' lang='lat' dir='ltr'>Sed</span> <span class='ocrx_word' id='word_1_233' title='bbox 310 2021 452 2072; x_wconf 82' lang='lat' dir='ltr'>quibus</span> <span class='ocrx_word' id='word_1_234' title='bbox 484 2022 587 2060; x_wconf 91' lang='lat' dir='ltr'>inter</span> <span class='ocrx_word' id='word_1_235' title='bbox 612 2034 654 2061; x_wconf 88' lang='lat' dir='ltr'>se</span> <span class='ocrx_word' id='word_1_236' title='bbox 687 2021 819 2073; x_wconf 89' lang='lat' dir='ltr'>cupidi</span> <span class='ocrx_word' id='word_1_237' title='bbox 849 2023 1067 2073; x_wconf 87' lang='lat' dir='ltr'>iunguntur</span> <span class='ocrx_word' id='word_1_238' title='bbox 1099 2028 1303 2075; x_wconf 84' lang='lat' dir='ltr'>amantes,</span> 
     </span>
    </p>

    <p class='ocr_par' dir='ltr' id='par_1_14' title="bbox 112 2078 1238 2133">
     <span class='ocr_line' id='line_1_34' title="bbox 112 2078 1238 2133; baseline 0.003 -16"><span class='ocrx_word' id='word_1_239' title='bbox 112 2086 179 2118; x_wconf 81' lang='lat'>680</span> <span class='ocrx_word' id='word_1_240' title='bbox 199 2078 330 2118; x_wconf 85' lang='lat' dir='ltr'>Pande</span> <span class='ocrx_word' id='word_1_241' title='bbox 362 2081 580 2130; x_wconf 84' lang='lat' dir='ltr'>requirenti</span> <span class='ocrx_word' id='word_1_242' title='bbox 611 2092 754 2120; x_wconf 90' lang='lat' dir='ltr'>nomen</span> <span class='ocrx_word' id='word_1_243' title='bbox 784 2086 991 2131; x_wconf 82' lang='lat' dir='ltr'>terraeque</span> <span class='ocrx_word' id='word_1_244' title='bbox 1023 2086 1238 2133; x_wconf 87' lang='lat' dir='ltr'>tuumque,</span> 
     </span>
    </p>

    <p class='ocr_par' dir='ltr' id='par_1_15' title="bbox 199 2135 1350 2308">
     <span class='ocr_line' id='line_1_35' title="bbox 199 2135 1350 2192; baseline 0.003 -17"><span class='ocrx_word' id='word_1_245' title='bbox 199 2136 250 2176; x_wconf 91' lang='lat' dir='ltr'>Et</span> <span class='ocrx_word' id='word_1_246' title='bbox 280 2150 351 2176; x_wconf 88' lang='lat' dir='ltr'>cur</span> <span class='ocrx_word' id='word_1_247' title='bbox 382 2138 505 2177; x_wconf 84' lang='lat' dir='ltr'>vincla</span> <span class='ocrx_word' id='word_1_248' title='bbox 536 2150 648 2189; x_wconf 86' lang='lat' dir='ltr'>geras</span> <span class='ocrx_word' id='word_1_249' title='bbox 663 2135 688 2178; x_wconf 93' lang='lat'>.&#39;</span> <span class='ocrx_word' id='word_1_250' title='bbox 725 2139 852 2191; x_wconf 85' lang='lat' dir='ltr'>primo</span> <span class='ocrx_word' id='word_1_251' title='bbox 885 2138 975 2178; x_wconf 87' lang='lat' dir='ltr'>silet</span> <span class='ocrx_word' id='word_1_252' title='bbox 1004 2138 1068 2178; x_wconf 90' lang='lat' dir='ltr'>illa</span> <span class='ocrx_word' id='word_1_253' title='bbox 1086 2170 1097 2192; x_wconf 90' lang='lat'><em>,</em></span> <span class='ocrx_word' id='word_1_254' title='bbox 1129 2151 1202 2178; x_wconf 87' lang='lat' dir='ltr'>nec</span> <span class='ocrx_word' id='word_1_255' title='bbox 1233 2139 1350 2179; x_wconf 87' lang='lat' dir='ltr'>audet</span> 
     </span>
     <span class='ocr_line' id='line_1_36' title="bbox 201 2195 1255 2250; baseline 0.003 -16"><span class='ocrx_word' id='word_1_256' title='bbox 201 2195 406 2248; x_wconf 87' lang='lat' dir='ltr'>Appellare</span> <span class='ocrx_word' id='word_1_257' title='bbox 438 2198 565 2235; x_wconf 87' lang='lat' dir='ltr'>virum</span> <span class='ocrx_word' id='word_1_258' title='bbox 596 2199 735 2250; x_wconf 80' lang='lat' dir='ltr'>virg03</span> <span class='ocrx_word' id='word_1_259' title='bbox 766 2196 1025 2249; x_wconf 86' lang='lat' dir='ltr'>manibusque</span> <span class='ocrx_word' id='word_1_260' title='bbox 1057 2197 1255 2238; x_wconf 89' lang='lat' dir='ltr'>modestos</span> 
     </span>
     <span class='ocr_line' id='line_1_37' title="bbox 201 2254 1125 2308; baseline 0.002 -15"><span class='ocrx_word' id='word_1_261' title='bbox 201 2254 375 2294; x_wconf 86' lang='lat' dir='ltr'>Celasset</span> <span class='ocrx_word' id='word_1_262' title='bbox 405 2254 534 2294; x_wconf 87' lang='lat' dir='ltr'>vultus</span> <span class='ocrx_word' id='word_1_263' title='bbox 554 2287 564 2307; x_wconf 87' lang='lat'><em>‚</em></span> <span class='ocrx_word' id='word_1_264' title='bbox 597 2257 630 2294; x_wconf 89' lang='lat' dir='ltr'>si</span> <span class='ocrx_word' id='word_1_265' title='bbox 662 2268 740 2295; x_wconf 90' lang='lat' dir='ltr'>non</span> <span class='ocrx_word' id='word_1_266' title='bbox 772 2256 932 2308; x_wconf 84' lang='lat' dir='ltr'>religata</span> <span class='ocrx_word' id='word_1_267' title='bbox 964 2257 1125 2296; x_wconf 81' lang='lat' dir='ltr'>fuisset.</span> 
     </span>
    </p>

    <p class='ocr_par' dir='ltr' id='par_1_16' title="bbox 202 2312 1327 2368">
     <span class='ocr_line' id='line_1_38' title="bbox 202 2312 1327 2368; baseline 0.003 -16"><span class='ocrx_word' id='word_1_268' title='bbox 202 2312 363 2352; x_wconf 87' lang='lat' dir='ltr'>Lumina</span> <span class='ocrx_word' id='word_1_269' title='bbox 382 2344 393 2366; x_wconf 89' lang='lat'>‚</span> <span class='ocrx_word' id='word_1_270' title='bbox 425 2312 527 2365; x_wconf 84' lang='lat' dir='ltr'>quod</span> <span class='ocrx_word' id='word_1_271' title='bbox 560 2316 715 2365; x_wconf 88' lang='lat' dir='ltr'>potuit,</span> <span class='ocrx_word' id='word_1_272' title='bbox 748 2314 918 2354; x_wconf 89' lang='lat' dir='ltr'>lacrimis</span> <span class='ocrx_word' id='word_1_273' title='bbox 950 2315 1123 2368; x_wconf 89' lang='lat' dir='ltr'>implevit</span> <span class='ocrx_word' id='word_1_274' title='bbox 1154 2313 1327 2356; x_wconf 82' lang='lat' dir='ltr'>obortis.</span> 
     </span>
    </p>
   </div>
  </div>
 </body>
</html>
