1554 2506
119 60 174 101 46
354 72 488 95 cannes
667 58 881 94 METAMM
893 85 900 93 .

234 168 436 221 Respicit,
468 175 507 207 et
538 168 672 207 dextra
705 180 869 206 cornum
901 174 1036 220 tenet,
1068 168 1188 208 altera
1219 169 1335 209 dorso

147 235 212 266 875
233 227 403 280 Inposita
436 233 524 279 est;
557 225 745 265 tremulae
778 227 984 266 sinuantur
1017 227 1169 266 flamine
1203 234 1352 268 vestes,

456 479 687 532 LIBER
740 477 1113 534 TERTIUS.

232 577 388 628 Iamque
421 577 516 616 deus
549 579 673 629 posita
706 577 850 617 fallacis
877 580 1042 630 imagine
1077 581 1177 618 tauri

234 635 283 674 Se
316 635 521 675 confessus
554 642 638 675 erat
669 635 905 688 Dictaeaque
938 649 1029 676 rura
1063 637 1242 677 tenebat:

232 693 328 733 Cum
360 700 470 745 pater
502 696 660 746 ignarus
693 695 836 734 Cadmo
868 697 1100 746 perquirere
1132 702 1282 748 raptam
1331 745 1334 748 ⁴

232 752 428 805 Imperat,
455 758 494 792 et
525 765 719 806 poenam,
751 755 784 792 si
815 755 1118 817 nonNinvenerit
1136 785 1147 806 ,
1179 754 1284 794 addit

191 818 210 849 5
234 810 430 850 Exilium.
471 810 590 861 [facto
623 813 711 863 pius
744 818 784 851 et
814 812 1028 851 sceleratus
1061 812 1240 863 eodem]

233 869 336 909 Orbe
369 876 572 921 pererrato
605 892 660 898 —
693 872 780 921 quis
813 872 917 910 enim
948 871 1192 922 deprendere
1224 873 1349 923 possit

232 927 350 967 Furta
371 928 470 967 Iovis
490 926 511 967 P
531 951 586 956 -—
606 930 797 980 profugus
818 931 1062 981 patriamque
1082 931 1258 981 iramque
1278 932 1454 982 parentis

231 986 334 1026 Vitat
364 986 603 1038 Agenorides
623 1019 634 1040 ,
666 987 891 1039 Phoebique
924 988 1080 1027 oracula
1112 988 1276 1040 supplex

232 1045 409 1084 Consulit
440 1052 507 1098 et,
540 1058 638 1097 quae
671 1048 721 1085 sit
752 1046 867 1085 tellus
899 1046 1136 1099 habitanda,
1167 1049 1356 1098 requirit.

171 1111 212 1142 10
233 1101 323 1142 ‘Bos
357 1100 442 1142 tibi'
474 1103 656 1143 Phoebus
689 1106 741 1143 ait
768 1102 875 1143 ‘solis
908 1111 1092 1144 occurret
1123 1107 1164 1144 in
1199 1108 1324 1159 arvis,

231 1162 387 1201 Nullum
419 1174 531 1214 passa
563 1164 726 1214 iugum,
759 1164 947 1214 curvique
978 1165 1164 1203 immunis
1195 1166 1338 1204 aratri.

230 1219 310 1259 Hac
343 1220 441 1260 duce
475 1233 591 1272 carpe
625 1223 704 1261 vias
737 1227 776 1260 et
809 1233 883 1272 qua
910 1223 1148 1273 requieverit
1178 1221 1324 1274 herba,

230 1279 380 1318 Moenia
411 1280 470 1317 fac
503 1279 646 1318 condas
665 1311 676 1332 ,
708 1279 945 1331 Boeotiaque
978 1280 1040 1319 illa
1071 1285 1206 1320 vocato
1221 1277 1245 1320 .'

230 1336 299 1376 Vix
330 1337 430 1376 bene
458 1337 623 1377 Castalio
657 1338 824 1377 Cadmus
857 1338 1114 1378 descenderat
1145 1344 1281 1392 antro,

168 1402 209 1434 15
230 1395 511 1435 incustoditam
542 1396 645 1435 lente
677 1396 782 1436 videt
812 1398 870 1435 ire
902 1398 1105 1436 iuvencam

230 1454 388 1494 Nullum
420 1456 569 1493 servitii
602 1456 758 1506 signum
790 1456 941 1494 cervice
973 1461 1199 1507 gerentem.

231 1512 494 1564 Subsequitur
525 1525 742 1565 pressoque
773 1513 866 1565 legit
897 1515 1058 1565 vestigia
1089 1526 1253 1566 gressu,

230 1571 520 1622 Auctoremque
553 1573 636 1611 viae
667 1571 870 1611 Phoebum
901 1574 1122 1612 taciturnus
1154 1573 1310 1612 adorat.

230 1629 308 1669 Iam
340 1629 434 1668 vada
467 1629 623 1681 Cephisi
654 1629 911 1682 Panopesque
944 1638 1120 1670 evaserat
1150 1643 1263 1671 arva:

166 1696 209 1727 20
230 1687 305 1727 Bos
338 1689 447 1728 stetit
479 1694 518 1727 et
550 1688 688 1728 tollens
720 1690 938 1740 speciosam
970 1689 1157 1728 cornibus
1189 1689 1275 1729 altis

229 1747 286 1786 Ad
318 1746 469 1786 caelum
501 1747 671 1786 frontem
702 1747 917 1798 mugitibus
948 1747 1090 1800 inpulit
1120 1759 1235 1787 auras

230 1805 356 1856 Atque
387 1807 440 1845 ita
459 1836 470 1857 ‚
502 1807 717 1857 respiciens
750 1808 912 1845 comites
945 1818 1015 1845 sua
1047 1812 1155 1858 terga
1187 1813 1423 1860 sequentes,

230 1863 445 1903 Procubuit
477 1869 689 1915 teneraque
720 1864 821 1903 latus
853 1866 1049 1904 summisit
1079 1866 1119 1904 in
1151 1864 1293 1904 herba.

230 1921 396 1961 Cadmus
429 1923 506 1974 agit
537 1928 665 1974 grates
684 1954 695 1975 ‚
726 1905 1202 1975 peregrinaequefflula
1234 1928 1362 1963 terrae

167 1987 209 2019 ‘25
231 1980 331 2031 Figit
349 2012 360 2032 ,
393 1986 431 2019 et
460 1983 614 2032 ignotos
647 1986 800 2021 montes
833 1993 1025 2033 agrosque
1057 1981 1220 2021 salutat.

232 2038 350 2077 Sacra
382 2038 461 2078 Iovi
492 2039 667 2079 facturus
699 2045 810 2079 erat.
848 2039 958 2079 iubet
988 2041 1045 2079 ire
1078 2042 1278 2079 ministros

230 2096 279 2135 Et
308 2102 444 2148 petere
475 2109 496 2136 e
529 2099 624 2137 vivis
655 2098 829 2138 libandas
862 2097 1035 2138 fontibus
1068 2099 1214 2138 undas.

231 2154 332 2194 Silva
364 2160 475 2194 vetus
507 2155 632 2195 stabat
663 2157 767 2196 nulla
798 2156 937 2196 violata
969 2158 1122 2210 securi,

230 2213 279 2253 Et
310 2225 451 2265 specus
483 2214 523 2252 in
555 2215 681 2254 media
701 2247 711 2267 ,
742 2217 861 2267 virgis
894 2228 938 2254 ac
970 2216 1113 2254 vimine
1145 2215 1316 2268 densus,

166 2280 210 2312 30
231 2271 413 2311 Efficiens
445 2271 630 2312 humilem
662 2273 832 2324 lapidum
865 2273 1115 2326 compagibus
1146 2285 1304 2326 arcum,
