1527 2580
589 106 621 141 V
641 136 649 151 ,
673 111 858 143 430—502
873 134 880 142 .
1052 120 1155 142 ecura
1322 108 1400 149 101

186 217 324 258 Omnia
356 224 580 257 narrasset.
621 217 687 257 sed
720 224 759 256 et
790 230 833 256 os
866 224 905 257 et
935 218 1065 268 lingua
1098 217 1238 256 volenti

186 275 324 316 Dicere
356 288 434 315 non
465 276 654 326 aderant,
687 289 757 314 nec
792 289 866 326 quo
900 277 1156 327 loqueretur,
1190 275 1374 314 laalwbat.

187 334 305 386 Signa
336 341 466 374 tamen
497 335 702 373 manifesta
734 335 869 386 dedit,
902 341 1109 385 notamque
1142 337 1292 386 parenti

187 393 257 433 1110
290 394 391 433 sorte
422 393 508 432 loco
540 392 736 444 delapsam
767 395 806 432 in
839 395 991 445 gurgite
1025 405 1135 432 sacro

96 460 166 492 470
186 451 459 504 Persephones
491 463 626 491 zonam
659 453 821 490 summis
854 452 1024 491 ostendit
1056 454 1094 491 in
1127 451 1264 490 undis.

187 510 312 557 Quam
343 509 459 550 simul
491 512 673 562 agnovit,
706 516 901 561 tamquam
933 517 1026 550 tunc
1058 511 1225 561 denique
1259 516 1404 560 raptam

187 569 336 609 Scisset
353 601 365 622 ‚
395 571 596 608 inornatos
628 568 784 608 laniavit
815 569 899 608 diva
933 569 1116 621 capillos,

185 626 236 667 Et
265 629 432 679 repetita
463 629 545 666 suis
577 628 775 678 percussit
804 634 963 679 pectora
995 628 1152 678 palmis.

186 685 321 725 Nescit
350 685 476 725 adhuc
495 717 506 738 ,
538 685 606 725 ubi
638 688 718 726 sit:
749 692 875 725 terras
908 692 1035 725 tamen
1070 688 1246 737 increpat
1271 696 1405 724 omnes

96 752 165 783 475
186 744 438 796 ingratasque
471 751 583 783 vocat
617 756 690 784 nec
722 745 880 796 frugum
907 757 1069 784 munere
1102 745 1261 796 dignas,

186 803 430 842 Trinacriam
463 810 551 842 ante
583 803 704 856 alias,
736 805 776 842 in
809 816 883 855 qua
902 805 1075 855 ·vestigia
1108 803 1236 841 damni

186 861 402 913 Repperit.
441 874 534 913 ergo
567 861 644 900 illic
677 874 789 901 saeva
820 863 1011 901 vertentia
1042 861 1196 913 glaebas

186 920 319 971 Fregit
349 925 477 959 aratra
508 932 625 959 manu
644 951 655 972 ,
687 920 876 971 parilique
908 922 1006 959 irata
1037 920 1196 959 colonos

187 978 470 1029 Ruricolasque
502 978 621 1017 boves
652 978 730 1017 leto
763 979 897 1031 dedit,
930 990 1098 1030 arvaque
1129 979 1245 1016 iussit

97 1045 166 1077 480
187 1036 335 1076 Fallere
368 1037 589 1089 depositum
608 1068 619 1089 ,
651 1039 860 1088 vitiataque
893 1039 1040 1076 semina
1072 1037 1187 1075 fecit.

188 1095 382 1135 Fertilitas
415 1102 543 1135 terrae
575 1096 696 1135 latum
727 1095 881 1148 vulgata
912 1108 982 1148 per
1014 1094 1150 1134 orbem

188 1154 295 1193 Falsa
328 1156 457 1194 iacet:
488 1155 625 1205 primis
657 1160 810 1206 segetes
842 1156 1065 1193 moriuntur
1092 1155 1130 1192 in
1163 1153 1318 1204 herbis,

188 1213 236 1252 Et
267 1212 381 1251 modo
414 1213 470 1252 sol
503 1214 646 1252 nimius
665 1244 676 1265 ,
707 1214 851 1252 nimius
883 1212 998 1251 modo
1031 1213 1194 1264 corripit
1224 1211 1373 1263 imber3

188 1271 403 1323 Sideraque
436 1273 619 1322 ventique
652 1277 824 1323 nocent,
856 1271 1066 1322 avidaeque
1099 1271 1278 1309 volucres

96 1338 166 1370 485
189 1331 345 1369 Semina
376 1331 474 1369 iacta
506 1329 670 1381 legunt3
701 1329 836 1369 lolium
867 1329 1081 1380 tribulique
1114 1329 1274 1380 fatigant

187 1388 378 1428 Triticeas
410 1400 558 1428 messes
589 1394 629 1428 et
660 1387 959 1440 inexpugnabile
992 1399 1173 1439 gramen.

188 1447 288 1486 Tum
321 1453 438 1498 caput
467 1446 573 1485 Eleis
604 1446 785 1500 Alpheias
817 1445 958 1486 extulit
988 1446 1127 1497 undis,

189 1505 460 1557 Rorantesque
492 1517 623 1544 com-as
653 1517 674 1544 a
706 1505 834 1544 fronte
867 1507 1032 1544 removit
1063 1504 1109 1543 ad
1142 1517 1281 1556 aures,

188 1567 314 1616 Atque
347 1565 400 1603 ait
432 1560 502 1602 “‘o
535 1570 616 1603 toto
650 1565 848 1615 quaesitae
880 1565 1041 1615 virginis
1073 1562 1168 1602 orbe

98 1632 168 1662 490
189 1622 238 1662 Et
269 1623 426 1674 frugum
457 1623 636 1673 genetrix
654 1653 666 1674 ,
696 1624 896 1662 inmensos
929 1624 1022 1662 siste
1055 1621 1232 1672 labores,

187 1681 293 1720 Neve
324 1680 396 1720 tibi
428 1681 524 1720 fidae
557 1680 724 1720 violenta
754 1682 926 1720 irascere
958 1687 1112 1719 terrae.

187 1739 311 1778 Terra
342 1739 437 1779 nihil
469 1740 643 1791 meruit,
674 1740 877 1791 patuitque
908 1740 1027 1779 invita
1058 1739 1238 1790 rapinae.

188 1797 269 1837 Nec
300 1809 388 1837 sum
419 1809 489 1849 pro
522 1799 646 1849 patria
676 1797 864 1850 supplex:
894 1797 972 1836 huc
1003 1797 1155 1848 hospita
1186 1797 1295 1834 veni.

188 1855 277 1896 Pisa
307 1856 403 1895 mihi
432 1858 558 1908 patria
589 1862 679 1909 est,
709 1862 749 1896 et
780 1856 826 1895 ab
858 1854 967 1894 Elide
1000 1855 1179 1894 ducimus
1211 1860 1345 1893 ortus:

98 1923 167 1955 495
190 1915 383 1954 Sicaniam
414 1916 622 1967 peregrina
653 1914 768 1954 colo.
806 1914 874 1954 sed
905 1915 1053 1966 gratior
1084 1914 1190 1952 omni

190 1973 293 2013 Haec
322 1973 419 2012 mihi
444 1978 549 2013 terra
569 1972 651 2012 solo
672 1979 732 2012 est
751 2004 760 2012 .
798 1973 869 2012 hos
889 1984 993 2011 nunc
1012 1971 1206 2011 Arethusa
1226 1977 1411 2023 penates,

190 2031 298 2071 Hanc
328 2031 452 2071 habeo
484 2032 642 2072 sedem:
674 2043 789 2083 quam
822 2038 893 2083 tu,
925 2031 1128 2070 mitissima
1146 2061 1158 2083 ‚
1188 2041 1321 2069 serva.

188 2089 290 2129 Mota
322 2089 407 2129 loco
439 2102 511 2130 cur
542 2092 616 2130 sim
647 2092 821 2141 tantique
852 2101 923 2141 per
954 2090 1138 2140 aequoris
1169 2087 1293 2127 undas

188 2148 366 2188 Advehar
398 2147 627 2201 Ortygiam,
653 2150 783 2188 veniet
814 2147 1036 2187 narratibus
1068 2147 1162 2186 hora

100 2215 169 2247 500
189 2207 437 2259 Tempestiva
469 2209 596 2259 meis,
627 2219 717 2246 cum
749 2213 791 2246 tu
824 2218 996 2258 curaque
1028 2206 1150 2245 levata

188 2265 239 2305 Et
268 2265 400 2305 vultus
431 2265 604 2305 melioris
636 2267 743 2304 eris.
782 2264 876 2304 mihi
907 2266 1038 2316 pervia
1072 2264 1186 2303 tellus

185 2323 356 2364 Praebet
385 2325 492 2377 iter,
522 2323 738 2376 subterque
771 2325 867 2363 imas
900 2322 1023 2362 ablata
1056 2334 1238 2362 cavernas
