<?xml version="1.0" encoding="UTF-8"?>
<!DOCTYPE html PUBLIC "-//W3C//DTD XHTML 1.0 Transitional//EN"
    "http://www.w3.org/TR/xhtml1/DTD/xhtml1-transitional.dtd">
<html xmlns="http://www.w3.org/1999/xhtml" xml:lang="en" lang="en">
 <head>
  <title>
</title>
<meta http-equiv="Content-Type" content="text/html;charset=utf-8" />
  <meta name='ocr-system' content='tesseract 3.04.00' />
  <meta name='ocr-capabilities' content='ocr_page ocr_carea ocr_par ocr_line ocrx_word'/>
</head>
<body>
  <div class='ocr_page' id='page_1' title='image "./ovidopera02oviduoft_0293.png"; bbox 0 0 1527 2580; ppageno 0'>
   <div class='ocr_carea' id='block_1_1' title="bbox 575 158 1385 202">
    <p class='ocr_par' dir='ltr' id='par_1_1' title="bbox 575 158 1385 202">
     <span class='ocr_line' id='line_1_1' title="bbox 575 158 1385 202; baseline 0.005 -10"><span class='ocrx_word' id='word_1_1' title='bbox 575 158 637 192; x_wconf 74' lang='grc' dir='ltr'>ΧΠ</span> <span class='ocrx_word' id='word_1_2' title='bbox 650 185 659 202; x_wconf 83' lang='grc'>,</span> <span class='ocrx_word' id='word_1_3' title='bbox 685 162 844 192; x_wconf 82' lang='grc'><strong>96-131</strong></span> <span class='ocrx_word' id='word_1_4' title='bbox 861 185 869 192; x_wconf 90' lang='grc'><strong>.</strong></span> <span class='ocrx_word' id='word_1_5' title='bbox 1019 171 1150 194; x_wconf 58' lang='lat' dir='ltr'>crenus</span> <span class='ocrx_word' id='word_1_6' title='bbox 1304 159 1385 200; x_wconf 73' lang='lat'>241</span> 
     </span>
    </p>
   </div>
   <div class='ocr_carea' id='block_1_2' title="bbox 85 265 1397 2471">
    <p class='ocr_par' dir='ltr' id='par_1_2' title="bbox 169 265 1386 435">
     <span class='ocr_line' id='line_1_2' title="bbox 170 265 1314 319; baseline 0.001 -14"><span class='ocrx_word' id='word_1_7' title='bbox 170 266 274 305; x_wconf 82' lang='lat' dir='ltr'><strong>Misit</strong></span> <span class='ocrx_word' id='word_1_8' title='bbox 304 268 344 305; x_wconf 91' lang='lat' dir='ltr'>in</span> <span class='ocrx_word' id='word_1_9' title='bbox 375 265 597 318; x_wconf 78' lang='lat' dir='ltr'>Aeaciden,</span> <span class='ocrx_word' id='word_1_10' title='bbox 631 267 732 318; x_wconf 88' lang='lat' dir='ltr'>quod</span> <span class='ocrx_word' id='word_1_11' title='bbox 767 274 805 306; x_wconf 88' lang='lat' dir='ltr'>et</span> <span class='ocrx_word' id='word_1_12' title='bbox 836 279 900 306; x_wconf 86' lang='lat' dir='ltr'>aes</span> <span class='ocrx_word' id='word_1_13' title='bbox 933 274 972 306; x_wconf 90' lang='lat' dir='ltr'>et</span> <span class='ocrx_word' id='word_1_14' title='bbox 1001 270 1176 319; x_wconf 85' lang='lat' dir='ltr'>proxima</span> <span class='ocrx_word' id='word_1_15' title='bbox 1209 269 1314 319; x_wconf 87' lang='lat' dir='ltr'>rupit</span> 
     </span>
     <span class='ocr_line' id='line_1_3' title="bbox 169 323 1386 377; baseline 0.001 -15"><span class='ocrx_word' id='word_1_16' title='bbox 169 324 295 376; x_wconf 82' lang='lat' dir='ltr'>Terga</span> <span class='ocrx_word' id='word_1_17' title='bbox 321 336 470 363; x_wconf 85' lang='lat' dir='ltr'>novena</span> <span class='ocrx_word' id='word_1_18' title='bbox 492 323 609 363; x_wconf 79' lang='lat' dir='ltr'>boum</span> <span class='ocrx_word' id='word_1_19' title='bbox 622 356 633 377; x_wconf 81' lang='lat'><em>‚</em></span> <span class='ocrx_word' id='word_1_20' title='bbox 660 325 811 364; x_wconf 87' lang='lat' dir='ltr'>decimo</span> <span class='ocrx_word' id='word_1_21' title='bbox 833 332 960 365; x_wconf 86' lang='lat' dir='ltr'>tamen</span> <span class='ocrx_word' id='word_1_22' title='bbox 981 325 1075 365; x_wconf 89' lang='lat' dir='ltr'>orbe</span> <span class='ocrx_word' id='word_1_23' title='bbox 1096 333 1290 365; x_wconf 84' lang='lat' dir='ltr'>moratum</span> <span class='ocrx_word' id='word_1_24' title='bbox 1312 334 1386 364; x_wconf 77' lang='lat' dir='ltr'>ost.</span> 
     </span>
     <span class='ocr_line' id='line_1_4' title="bbox 171 382 1221 435; baseline 0.002 -14"><span class='ocrx_word' id='word_1_25' title='bbox 171 382 328 422; x_wconf 80' lang='lat' dir='ltr'>Excutit</span> <span class='ocrx_word' id='word_1_26' title='bbox 358 382 432 422; x_wconf 88' lang='lat' dir='ltr'>hoc</span> <span class='ocrx_word' id='word_1_27' title='bbox 462 382 608 435; x_wconf 82' lang='lat' dir='ltr'>heros,</span> <span class='ocrx_word' id='word_1_28' title='bbox 642 396 858 434; x_wconf 84' lang='lat' dir='ltr'>rursusque</span> <span class='ocrx_word' id='word_1_29' title='bbox 892 386 1099 423; x_wconf 84' lang='lat' dir='ltr'>trementia</span> <span class='ocrx_word' id='word_1_30' title='bbox 1130 385 1221 424; x_wconf 82' lang='lat' dir='ltr'>sorti</span> 
     </span>
    </p>

    <p class='ocr_par' dir='ltr' id='par_1_3' title="bbox 169 441 1238 495">
     <span class='ocr_line' id='line_1_5' title="bbox 169 441 1238 495; baseline 0.003 -16"><span class='ocrx_word' id='word_1_31' title='bbox 169 441 262 480; x_wconf 81' lang='lat' dir='ltr'>Tela</span> <span class='ocrx_word' id='word_1_32' title='bbox 294 453 408 480; x_wconf 89' lang='lat' dir='ltr'>manu</span> <span class='ocrx_word' id='word_1_33' title='bbox 441 443 584 480; x_wconf 83' lang='lat' dir='ltr'>torsit:</span> <span class='ocrx_word' id='word_1_34' title='bbox 615 454 755 480; x_wconf 89' lang='lat' dir='ltr'>rursus</span> <span class='ocrx_word' id='word_1_35' title='bbox 787 444 869 481; x_wconf 88' lang='lat' dir='ltr'>sine</span> <span class='ocrx_word' id='word_1_36' title='bbox 904 443 1062 482; x_wconf 89' lang='lat' dir='ltr'>vulnere</span> <span class='ocrx_word' id='word_1_37' title='bbox 1095 455 1238 495; x_wconf 79' lang='lat' dir='ltr'>corpus</span> 
     </span>
    </p>

    <p class='ocr_par' dir='ltr' id='par_1_4' title="bbox 86 498 1278 785">
     <span class='ocr_line' id='line_1_6' title="bbox 86 498 1245 553; baseline 0.002 -15"><span class='ocrx_word' id='word_1_38' title='bbox 86 508 150 539; x_wconf 91' lang='lat'>100</span> <span class='ocrx_word' id='word_1_39' title='bbox 171 499 455 551; x_wconf 90' lang='lat' dir='ltr'>Sincerumque</span> <span class='ocrx_word' id='word_1_40' title='bbox 489 500 589 538; x_wconf 85' lang='lat' dir='ltr'>suit.</span> <span class='ocrx_word' id='word_1_41' title='bbox 631 498 722 549; x_wconf 90' lang='lat' dir='ltr'>[nec</span> <span class='ocrx_word' id='word_1_42' title='bbox 754 502 871 539; x_wconf 86' lang='lat' dir='ltr'>tertia</span> <span class='ocrx_word' id='word_1_43' title='bbox 903 503 1034 553; x_wconf 86' lang='lat' dir='ltr'>cuspis</span> <span class='ocrx_word' id='word_1_44' title='bbox 1067 508 1245 553; x_wconf 88' lang='lat' dir='ltr'>apertum</span> 
     </span>
     <span class='ocr_line' id='line_1_7' title="bbox 170 558 1258 612; baseline 0.001 -15"><span class='ocrx_word' id='word_1_45' title='bbox 170 558 220 596; x_wconf 86' lang='lat' dir='ltr'>Et</span> <span class='ocrx_word' id='word_1_46' title='bbox 251 571 292 597; x_wconf 89' lang='lat' dir='ltr'>se</span> <span class='ocrx_word' id='word_1_47' title='bbox 324 558 578 610; x_wconf 81' lang='lat' dir='ltr'>praebentem</span> <span class='ocrx_word' id='word_1_48' title='bbox 610 558 730 597; x_wconf 88' lang='lat' dir='ltr'>valuit</span> <span class='ocrx_word' id='word_1_49' title='bbox 760 558 1004 611; x_wconf 83' lang='lat' dir='ltr'>destringere</span> <span class='ocrx_word' id='word_1_50' title='bbox 1037 559 1212 612; x_wconf 88' lang='lat' dir='ltr'>Cygnum</span> <span class='ocrx_word' id='word_1_51' title='bbox 1231 559 1258 610; x_wconf 91' lang='lat'>.]</span> 
     </span>
     <span class='ocr_line' id='line_1_8' title="bbox 172 617 1278 671; baseline 0.002 -16"><span class='ocrx_word' id='word_1_52' title='bbox 172 617 281 655; x_wconf 85' lang='lat' dir='ltr'>Haud</span> <span class='ocrx_word' id='word_1_53' title='bbox 314 629 429 656; x_wconf 89' lang='lat' dir='ltr'>secus</span> <span class='ocrx_word' id='word_1_54' title='bbox 461 618 634 669; x_wconf 81' lang='lat' dir='ltr'>exarsit,</span> <span class='ocrx_word' id='word_1_55' title='bbox 667 629 782 668; x_wconf 89' lang='lat' dir='ltr'>quam</span> <span class='ocrx_word' id='word_1_56' title='bbox 815 620 919 656; x_wconf 88' lang='lat' dir='ltr'>circo</span> <span class='ocrx_word' id='word_1_57' title='bbox 951 624 1088 657; x_wconf 88' lang='lat' dir='ltr'>taurus</span> <span class='ocrx_word' id='word_1_58' title='bbox 1120 624 1278 671; x_wconf 73' lang='lat' dir='ltr'>aperte,</span> 
     </span>
     <span class='ocr_line' id='line_1_9' title="bbox 172 675 1123 730; baseline 0.002 -16"><span class='ocrx_word' id='word_1_59' title='bbox 172 675 269 714; x_wconf 91' lang='lat' dir='ltr'>Cum</span> <span class='ocrx_word' id='word_1_60' title='bbox 300 687 370 714; x_wconf 88' lang='lat' dir='ltr'>sua</span> <span class='ocrx_word' id='word_1_61' title='bbox 401 675 567 714; x_wconf 82' lang='lat' dir='ltr'>terribili</span> <span class='ocrx_word' id='word_1_62' title='bbox 598 677 697 726; x_wconf 84' lang='lat' dir='ltr'>petit</span> <span class='ocrx_word' id='word_1_63' title='bbox 727 678 944 715; x_wconf 85' lang='lat' dir='ltr'>irritamina</span> <span class='ocrx_word' id='word_1_64' title='bbox 976 689 1123 730; x_wconf 84' lang='lat' dir='ltr'>cornu,</span> 
     </span>
     <span class='ocr_line' id='line_1_10' title="bbox 170 733 1157 785; baseline 0.003 -13"><span class='ocrx_word' id='word_1_65' title='bbox 170 733 383 773; x_wconf 90' lang='lat' dir='ltr'>Poeniceas</span> <span class='ocrx_word' id='word_1_66' title='bbox 413 741 570 785; x_wconf 74' lang='lat' dir='ltr'>vestes,</span> <span class='ocrx_word' id='word_1_67' title='bbox 602 734 787 785; x_wconf 87' lang='lat' dir='ltr'>elusaque</span> <span class='ocrx_word' id='word_1_68' title='bbox 821 735 981 774; x_wconf 85' lang='lat' dir='ltr'>vulnera</span> <span class='ocrx_word' id='word_1_69' title='bbox 1012 737 1157 775; x_wconf 87' lang='lat' dir='ltr'>sensit.</span> 
     </span>
    </p>

    <p class='ocr_par' dir='ltr' id='par_1_5' title="bbox 85 792 1328 1079">
     <span class='ocr_line' id='line_1_11' title="bbox 85 792 1328 847; baseline 0.002 -16"><span class='ocrx_word' id='word_1_70' title='bbox 85 801 150 831; x_wconf 87' lang='lat'>105</span> <span class='ocrx_word' id='word_1_71' title='bbox 171 792 273 831; x_wconf 85' lang='lat' dir='ltr'>Num</span> <span class='ocrx_word' id='word_1_72' title='bbox 306 799 434 831; x_wconf 87' lang='lat' dir='ltr'>tamen</span> <span class='ocrx_word' id='word_1_73' title='bbox 466 792 655 831; x_wconf 86' lang='lat' dir='ltr'>exciderit</span> <span class='ocrx_word' id='word_1_74' title='bbox 687 794 835 832; x_wconf 81' lang='lat' dir='ltr'>serrum</span> <span class='ocrx_word' id='word_1_75' title='bbox 853 826 865 846; x_wconf 86' lang='lat'><em>,</em></span> <span class='ocrx_word' id='word_1_76' title='bbox 897 794 1147 847; x_wconf 82' lang='lat' dir='ltr'>considerat,</span> <span class='ocrx_word' id='word_1_77' title='bbox 1179 794 1328 833; x_wconf 64' lang='lat' dir='ltr'>hastae&gt;</span> 
     </span>
     <span class='ocr_line' id='line_1_12' title="bbox 172 849 1250 904; baseline 0.002 -15"><span class='ocrx_word' id='word_1_78' title='bbox 172 851 365 890; x_wconf 84' lang='lat' dir='ltr'>Haerebat</span> <span class='ocrx_word' id='word_1_79' title='bbox 396 851 528 902; x_wconf 87' lang='lat' dir='ltr'>ligno.</span> <span class='ocrx_word' id='word_1_80' title='bbox 569 849 722 890; x_wconf 72' lang='lat' dir='ltr'>‘manus</span> <span class='ocrx_word' id='word_1_81' title='bbox 755 858 814 891; x_wconf 85' lang='lat' dir='ltr'>est</span> <span class='ocrx_word' id='word_1_82' title='bbox 846 864 931 891; x_wconf 90' lang='lat' dir='ltr'>mea</span> <span class='ocrx_word' id='word_1_83' title='bbox 962 852 1101 891; x_wconf 87' lang='lat' dir='ltr'>debilis</span> <span class='ocrx_word' id='word_1_84' title='bbox 1134 865 1250 904; x_wconf 86' lang='lat' dir='ltr'>ergo,</span> 
     </span>
     <span class='ocr_line' id='line_1_13' title="bbox 172 906 1306 963; baseline 0.002 -15"><span class='ocrx_word' id='word_1_85' title='bbox 172 906 372 961; x_wconf 85' lang='lat' dir='ltr'>Quasque&#39;</span> <span class='ocrx_word' id='word_1_86' title='bbox 404 911 457 949; x_wconf 88' lang='lat' dir='ltr'>ait</span> <span class='ocrx_word' id='word_1_87' title='bbox 488 907 592 949; x_wconf 75' lang='lat' dir='ltr'>‘ante</span> <span class='ocrx_word' id='word_1_88' title='bbox 623 909 760 948; x_wconf 89' lang='lat' dir='ltr'>habuit</span> <span class='ocrx_word' id='word_1_89' title='bbox 791 912 922 963; x_wconf 84' lang='lat' dir='ltr'>vires,</span> <span class='ocrx_word' id='word_1_90' title='bbox 955 911 1091 950; x_wconf 81' lang='lat' dir='ltr'>effudit</span> <span class='ocrx_word' id='word_1_91' title='bbox 1122 913 1162 950; x_wconf 88' lang='lat' dir='ltr'>in</span> <span class='ocrx_word' id='word_1_92' title='bbox 1196 909 1306 950; x_wconf 72' lang='lat' dir='ltr'>uno?</span> 
     </span>
     <span class='ocr_line' id='line_1_14' title="bbox 171 968 1183 1021; baseline 0.002 -15"><span class='ocrx_word' id='word_1_93' title='bbox 171 968 268 1006; x_wconf 88' lang='lat' dir='ltr'>Nam</span> <span class='ocrx_word' id='word_1_94' title='bbox 299 975 406 1007; x_wconf 87' lang='lat' dir='ltr'>certe</span> <span class='ocrx_word' id='word_1_95' title='bbox 440 968 569 1020; x_wconf 86' lang='lat' dir='ltr'>valui,</span> <span class='ocrx_word' id='word_1_96' title='bbox 602 968 662 1007; x_wconf 86' lang='lat' dir='ltr'>vel</span> <span class='ocrx_word' id='word_1_97' title='bbox 694 980 783 1007; x_wconf 89' lang='lat' dir='ltr'>cum</span> <span class='ocrx_word' id='word_1_98' title='bbox 814 968 1001 1020; x_wconf 82' lang='lat' dir='ltr'>Lyrnesia</span> <span class='ocrx_word' id='word_1_99' title='bbox 1031 971 1183 1021; x_wconf 90' lang='lat' dir='ltr'>primus</span> 
     </span>
     <span class='ocr_line' id='line_1_15' title="bbox 171 1026 1200 1079; baseline 0.002 -15"><span class='ocrx_word' id='word_1_100' title='bbox 171 1026 323 1065; x_wconf 78' lang='lat' dir='ltr'>Moenia</span> <span class='ocrx_word' id='word_1_101' title='bbox 355 1026 507 1078; x_wconf 81' lang='lat' dir='ltr'>deieci,</span> <span class='ocrx_word' id='word_1_102' title='bbox 539 1026 598 1066; x_wconf 90' lang='lat' dir='ltr'>vel</span> <span class='ocrx_word' id='word_1_103' title='bbox 631 1039 719 1065; x_wconf 88' lang='lat' dir='ltr'>cum</span> <span class='ocrx_word' id='word_1_104' title='bbox 751 1027 1017 1079; x_wconf 82' lang='lat' dir='ltr'>Tenedonque</span> <span class='ocrx_word' id='word_1_105' title='bbox 1049 1039 1200 1079; x_wconf 88' lang='lat' dir='ltr'>suoque</span> 
     </span>
    </p>

    <p class='ocr_par' dir='ltr' id='par_1_6' title="bbox 87 1085 993 1136">
     <span class='ocr_line' id='line_1_16' title="bbox 87 1085 993 1136; baseline 0.001 -12"><span class='ocrx_word' id='word_1_106' title='bbox 87 1093 151 1124; x_wconf 92' lang='lat'>110</span> <span class='ocrx_word' id='word_1_107' title='bbox 172 1085 379 1124; x_wconf 82' lang='lat' dir='ltr'>Eetioneas</span> <span class='ocrx_word' id='word_1_108' title='bbox 410 1085 566 1136; x_wconf 87' lang='lat' dir='ltr'>implevi</span> <span class='ocrx_word' id='word_1_109' title='bbox 598 1087 786 1136; x_wconf 88' lang='lat' dir='ltr'>sanguine</span> <span class='ocrx_word' id='word_1_110' title='bbox 818 1085 993 1134; x_wconf 84' lang='lat' dir='ltr'>Thebas,</span> 
     </span>
    </p>

    <p class='ocr_par' dir='ltr' id='par_1_7' title="bbox 173 1143 1148 1195">
     <span class='ocr_line' id='line_1_17' title="bbox 173 1143 1148 1195; baseline 0.002 -14"><span class='ocrx_word' id='word_1_111' title='bbox 173 1143 239 1182; x_wconf 91' lang='lat' dir='ltr'>Vel</span> <span class='ocrx_word' id='word_1_112' title='bbox 271 1155 361 1182; x_wconf 91' lang='lat' dir='ltr'>cum</span> <span class='ocrx_word' id='word_1_113' title='bbox 391 1156 617 1195; x_wconf 90' lang='lat' dir='ltr'>purpureus</span> <span class='ocrx_word' id='word_1_114' title='bbox 648 1144 827 1195; x_wconf 83' lang='lat' dir='ltr'>populari</span> <span class='ocrx_word' id='word_1_115' title='bbox 859 1144 976 1183; x_wconf 85' lang='lat' dir='ltr'>caede</span> <span class='ocrx_word' id='word_1_116' title='bbox 1009 1144 1148 1184; x_wconf 87' lang='lat' dir='ltr'>Caicus</span> 
     </span>
    </p>

    <p class='ocr_par' dir='ltr' id='par_1_8' title="bbox 172 1201 1341 1371">
     <span class='ocr_line' id='line_1_18' title="bbox 172 1201 1341 1254; baseline 0.002 -14"><span class='ocrx_word' id='word_1_117' title='bbox 172 1201 330 1254; x_wconf 81' lang='lat' dir='ltr'>Fluxit,</span> <span class='ocrx_word' id='word_1_118' title='bbox 362 1214 539 1253; x_wconf 86' lang='lat' dir='ltr'>opusque</span> <span class='ocrx_word' id='word_1_119' title='bbox 570 1214 679 1240; x_wconf 90' lang='lat' dir='ltr'>meae</span> <span class='ocrx_word' id='word_1_120' title='bbox 711 1202 771 1240; x_wconf 90' lang='lat' dir='ltr'>bis</span> <span class='ocrx_word' id='word_1_121' title='bbox 803 1204 927 1241; x_wconf 87' lang='lat' dir='ltr'>sensit</span> <span class='ocrx_word' id='word_1_122' title='bbox 957 1203 1154 1254; x_wconf 88' lang='lat' dir='ltr'>Telephus</span> <span class='ocrx_word' id='word_1_123' title='bbox 1185 1202 1341 1242; x_wconf 81' lang='lat' dir='ltr'>hastae.</span> 
     </span>
     <span class='ocr_line' id='line_1_19' title="bbox 173 1259 1325 1313; baseline 0.001 -14"><span class='ocrx_word' id='word_1_124' title='bbox 173 1259 244 1299; x_wconf 90' lang='lat' dir='ltr'>Hic</span> <span class='ocrx_word' id='word_1_125' title='bbox 278 1273 433 1311; x_wconf 88' lang='lat' dir='ltr'>quoque</span> <span class='ocrx_word' id='word_1_126' title='bbox 465 1266 523 1299; x_wconf 85' lang='lat' dir='ltr'>tot</span> <span class='ocrx_word' id='word_1_127' title='bbox 554 1262 677 1299; x_wconf 89' lang='lat' dir='ltr'>caesis</span> <span class='ocrx_word' id='word_1_128' title='bbox 695 1292 706 1313; x_wconf 91' lang='lat'><em>‚</em></span> <span class='ocrx_word' id='word_1_129' title='bbox 738 1272 906 1311; x_wconf 88' lang='lat' dir='ltr'>quorum</span> <span class='ocrx_word' id='word_1_130' title='bbox 937 1273 1009 1312; x_wconf 90' lang='lat' dir='ltr'>per</span> <span class='ocrx_word' id='word_1_131' title='bbox 1039 1261 1132 1300; x_wconf 87' lang='lat' dir='ltr'>litus</span> <span class='ocrx_word' id='word_1_132' title='bbox 1165 1273 1325 1301; x_wconf 89' lang='lat' dir='ltr'>acervos</span> 
     </span>
     <span class='ocr_line' id='line_1_20' title="bbox 173 1317 1254 1371; baseline 0.001 -14"><span class='ocrx_word' id='word_1_133' title='bbox 173 1318 223 1358; x_wconf 87' lang='lat' dir='ltr'>Et</span> <span class='ocrx_word' id='word_1_134' title='bbox 254 1319 329 1358; x_wconf 82' lang='lat' dir='ltr'>feci</span> <span class='ocrx_word' id='word_1_135' title='bbox 360 1325 401 1358; x_wconf 89' lang='lat' dir='ltr'>et</span> <span class='ocrx_word' id='word_1_136' title='bbox 431 1319 541 1358; x_wconf 90' lang='lat' dir='ltr'>video</span> <span class='ocrx_word' id='word_1_137' title='bbox 560 1351 571 1371; x_wconf 86' lang='lat'><em>‚</em></span> <span class='ocrx_word' id='word_1_138' title='bbox 605 1319 722 1358; x_wconf 92' lang='lat' dir='ltr'>valuit</span> <span class='ocrx_word' id='word_1_139' title='bbox 753 1331 838 1358; x_wconf 89' lang='lat' dir='ltr'>mea</span> <span class='ocrx_word' id='word_1_140' title='bbox 869 1319 1005 1358; x_wconf 86' lang='lat' dir='ltr'>dextra</span> <span class='ocrx_word' id='word_1_141' title='bbox 1038 1319 1214 1371; x_wconf 88' lang='lat' dir='ltr'>valetque</span> <span class='ocrx_word' id='word_1_142' title='bbox 1230 1317 1254 1358; x_wconf 89' lang='lat'>.&#39;</span> 
     </span>
    </p>

    <p class='ocr_par' dir='ltr' id='par_1_9' title="bbox 88 1377 1329 1664">
     <span class='ocr_line' id='line_1_21' title="bbox 88 1377 1329 1430; baseline 0.002 -15"><span class='ocrx_word' id='word_1_143' title='bbox 88 1385 153 1416; x_wconf 88' lang='lat'>115</span> <span class='ocrx_word' id='word_1_144' title='bbox 175 1377 278 1416; x_wconf 83' lang='lat' dir='ltr'>Dixit</span> <span class='ocrx_word' id='word_1_145' title='bbox 309 1383 376 1430; x_wconf 88' lang='lat' dir='ltr'>et,</span> <span class='ocrx_word' id='word_1_146' title='bbox 408 1383 496 1416; x_wconf 85' lang='lat' dir='ltr'>ante</span> <span class='ocrx_word' id='word_1_147' title='bbox 528 1379 625 1416; x_wconf 85' lang='lat' dir='ltr'>actis</span> <span class='ocrx_word' id='word_1_148' title='bbox 657 1377 776 1416; x_wconf 89' lang='lat' dir='ltr'>veluti</span> <span class='ocrx_word' id='word_1_149' title='bbox 807 1377 905 1417; x_wconf 89' lang='lat' dir='ltr'>male</span> <span class='ocrx_word' id='word_1_150' title='bbox 938 1377 1119 1417; x_wconf 83' lang='lat' dir='ltr'>crederet</span> <span class='ocrx_word' id='word_1_151' title='bbox 1136 1409 1147 1430; x_wconf 89' lang='lat'><em>‚</em></span> <span class='ocrx_word' id='word_1_152' title='bbox 1178 1378 1329 1418; x_wconf 85' lang='lat' dir='ltr'>hastam</span> 
     </span>
     <span class='ocr_line' id='line_1_22' title="bbox 174 1435 1220 1489; baseline 0.001 -15"><span class='ocrx_word' id='word_1_153' title='bbox 174 1436 278 1474; x_wconf 83' lang='lat' dir='ltr'>Misit</span> <span class='ocrx_word' id='word_1_154' title='bbox 308 1437 347 1474; x_wconf 90' lang='lat' dir='ltr'>in</span> <span class='ocrx_word' id='word_1_155' title='bbox 379 1435 586 1475; x_wconf 89' lang='lat' dir='ltr'>adversum</span> <span class='ocrx_word' id='word_1_156' title='bbox 617 1435 733 1487; x_wconf 87' lang='lat' dir='ltr'>Lycia</span> <span class='ocrx_word' id='word_1_157' title='bbox 765 1436 812 1475; x_wconf 88' lang='lat' dir='ltr'>de</span> <span class='ocrx_word' id='word_1_158' title='bbox 843 1436 957 1487; x_wconf 88' lang='lat' dir='ltr'>plebe</span> <span class='ocrx_word' id='word_1_159' title='bbox 988 1435 1220 1489; x_wconf 84' lang='lat' dir='ltr'>Menoeten,</span> 
     </span>
     <span class='ocr_line' id='line_1_23' title="bbox 173 1493 1220 1546; baseline 0.001 -14"><span class='ocrx_word' id='word_1_160' title='bbox 173 1493 430 1545; x_wconf 87' lang='lat' dir='ltr'>Loricamque</span> <span class='ocrx_word' id='word_1_161' title='bbox 463 1494 579 1533; x_wconf 85' lang='lat' dir='ltr'>simul</span> <span class='ocrx_word' id='word_1_162' title='bbox 610 1494 864 1545; x_wconf 87' lang='lat' dir='ltr'>subiectaque</span> <span class='ocrx_word' id='word_1_163' title='bbox 895 1500 1056 1546; x_wconf 85' lang='lat' dir='ltr'>pectora</span> <span class='ocrx_word' id='word_1_164' title='bbox 1087 1496 1220 1546; x_wconf 90' lang='lat' dir='ltr'>rupit.</span> 
     </span>
     <span class='ocr_line' id='line_1_24' title="bbox 176 1552 1310 1604; baseline 0.002 -13"><span class='ocrx_word' id='word_1_165' title='bbox 176 1552 261 1598; x_wconf 89' lang='lat' dir='ltr'>Quo</span> <span class='ocrx_word' id='word_1_166' title='bbox 293 1552 499 1604; x_wconf 88' lang='lat' dir='ltr'>plangente</span> <span class='ocrx_word' id='word_1_167' title='bbox 531 1564 688 1603; x_wconf 87' lang='lat' dir='ltr'>gravem</span> <span class='ocrx_word' id='word_1_168' title='bbox 720 1552 954 1592; x_wconf 88' lang='lat' dir='ltr'>moribundo</span> <span class='ocrx_word' id='word_1_169' title='bbox 988 1554 1132 1592; x_wconf 89' lang='lat' dir='ltr'>vertice</span> <span class='ocrx_word' id='word_1_170' title='bbox 1164 1558 1310 1593; x_wconf 87' lang='lat' dir='ltr'>terram</span> 
     </span>
     <span class='ocr_line' id='line_1_25' title="bbox 174 1610 1221 1664; baseline 0 -15"><span class='ocrx_word' id='word_1_171' title='bbox 174 1611 353 1650; x_wconf 86' lang='lat' dir='ltr'>Extrahit</span> <span class='ocrx_word' id='word_1_172' title='bbox 383 1611 478 1650; x_wconf 91' lang='lat' dir='ltr'>illud</span> <span class='ocrx_word' id='word_1_173' title='bbox 510 1611 612 1650; x_wconf 89' lang='lat' dir='ltr'>idem</span> <span class='ocrx_word' id='word_1_174' title='bbox 645 1611 768 1650; x_wconf 91' lang='lat' dir='ltr'>calido</span> <span class='ocrx_word' id='word_1_175' title='bbox 801 1611 848 1649; x_wconf 90' lang='lat' dir='ltr'>de</span> <span class='ocrx_word' id='word_1_176' title='bbox 879 1611 1040 1651; x_wconf 88' lang='lat' dir='ltr'>vulnere</span> <span class='ocrx_word' id='word_1_177' title='bbox 1073 1610 1221 1664; x_wconf 82' lang='lat' dir='ltr'>telum,</span> 
     </span>
    </p>

    <p class='ocr_par' dir='ltr' id='par_1_10' title="bbox 89 1666 1270 1722">
     <span class='ocr_line' id='line_1_26' title="bbox 89 1666 1270 1722; baseline 0 -14"><span class='ocrx_word' id='word_1_178' title='bbox 89 1678 154 1709; x_wconf 82' lang='lat'>120</span> <span class='ocrx_word' id='word_1_179' title='bbox 174 1671 299 1720; x_wconf 86' lang='lat' dir='ltr'>Atque</span> <span class='ocrx_word' id='word_1_180' title='bbox 337 1671 391 1709; x_wconf 89' lang='lat' dir='ltr'>ait</span> <span class='ocrx_word' id='word_1_181' title='bbox 428 1666 538 1708; x_wconf 81' lang='lat' dir='ltr'>‘haec</span> <span class='ocrx_word' id='word_1_182' title='bbox 577 1681 715 1708; x_wconf 89' lang='lat' dir='ltr'>manus</span> <span class='ocrx_word' id='word_1_183' title='bbox 754 1675 842 1722; x_wconf 89' lang='lat' dir='ltr'>est,</span> <span class='ocrx_word' id='word_1_184' title='bbox 879 1669 1004 1722; x_wconf 87' lang='lat' dir='ltr'>haec,</span> <span class='ocrx_word' id='word_1_185' title='bbox 1043 1681 1119 1720; x_wconf 90' lang='lat' dir='ltr'>qua</span> <span class='ocrx_word' id='word_1_186' title='bbox 1156 1669 1270 1708; x_wconf 87' lang='lat' dir='ltr'>modo</span> 
     </span>
    </p>

    <p class='ocr_par' dir='ltr' id='par_1_11' title="bbox 1042 1727 1395 1780">
     <span class='ocr_line' id='line_1_27' title="bbox 1042 1727 1395 1780; baseline 0.003 -14"><span class='ocrx_word' id='word_1_187' title='bbox 1042 1728 1234 1780; x_wconf 88' lang='lat' dir='ltr'>vicimus,</span> <span class='ocrx_word' id='word_1_188' title='bbox 1265 1727 1395 1767; x_wconf 86' lang='lat' dir='ltr'>hasta.</span> 
     </span>
    </p>

    <p class='ocr_par' dir='ltr' id='par_1_12' title="bbox 175 1784 1397 2012">
     <span class='ocr_line' id='line_1_28' title="bbox 176 1784 1397 1839; baseline -0.002 -13"><span class='ocrx_word' id='word_1_189' title='bbox 176 1787 269 1826; x_wconf 80' lang='lat' dir='ltr'>Utar</span> <span class='ocrx_word' id='word_1_190' title='bbox 287 1788 328 1825; x_wconf 93' lang='lat' dir='ltr'>in</span> <span class='ocrx_word' id='word_1_191' title='bbox 347 1785 422 1825; x_wconf 89' lang='lat' dir='ltr'>hoc</span> <span class='ocrx_word' id='word_1_192' title='bbox 440 1785 594 1839; x_wconf 77' lang='lat' dir='ltr'>isdem5</span> <span class='ocrx_word' id='word_1_193' title='bbox 625 1787 676 1825; x_wconf 87' lang='lat' dir='ltr'>sit</span> <span class='ocrx_word' id='word_1_194' title='bbox 700 1788 740 1825; x_wconf 91' lang='lat' dir='ltr'>in</span> <span class='ocrx_word' id='word_1_195' title='bbox 765 1785 840 1825; x_wconf 91' lang='lat' dir='ltr'>hoc</span> <span class='ocrx_word' id='word_1_196' title='bbox 857 1817 869 1838; x_wconf 88' lang='lat'>‚</span> <span class='ocrx_word' id='word_1_197' title='bbox 899 1797 1042 1837; x_wconf 82' lang='lat' dir='ltr'>precor</span> <span class='ocrx_word' id='word_1_198' title='bbox 1059 1817 1071 1838; x_wconf 86' lang='lat'><em>,</em></span> <span class='ocrx_word' id='word_1_199' title='bbox 1102 1787 1230 1824; x_wconf 88' lang='lat' dir='ltr'>exitus</span> <span class='ocrx_word' id='word_1_200' title='bbox 1254 1786 1359 1825; x_wconf 89' lang='lat' dir='ltr'>idem</span> <span class='ocrx_word' id='word_1_201' title='bbox 1373 1784 1397 1824; x_wconf 92' lang='lat'>.’</span> 
     </span>
     <span class='ocr_line' id='line_1_29' title="bbox 177 1843 1292 1896; baseline 0 -12"><span class='ocrx_word' id='word_1_202' title='bbox 177 1845 242 1884; x_wconf 89' lang='lat' dir='ltr'>Sic</span> <span class='ocrx_word' id='word_1_203' title='bbox 274 1846 377 1883; x_wconf 77' lang='lat' dir='ltr'>fatur</span> <span class='ocrx_word' id='word_1_204' title='bbox 408 1843 661 1895; x_wconf 84' lang='lat' dir='ltr'>Cygnumque</span> <span class='ocrx_word' id='word_1_205' title='bbox 692 1846 820 1896; x_wconf 85' lang='lat' dir='ltr'>petit,</span> <span class='ocrx_word' id='word_1_206' title='bbox 851 1856 924 1883; x_wconf 91' lang='lat' dir='ltr'>nec</span> <span class='ocrx_word' id='word_1_207' title='bbox 956 1845 1132 1883; x_wconf 79' lang='lat' dir='ltr'>fraxinus</span> <span class='ocrx_word' id='word_1_208' title='bbox 1163 1851 1292 1896; x_wconf 85' lang='lat' dir='ltr'>errat,</span> 
     </span>
     <span class='ocr_line' id='line_1_30' title="bbox 175 1903 1127 1955; baseline -0.001 -13"><span class='ocrx_word' id='word_1_209' title='bbox 175 1903 298 1954; x_wconf 88' lang='lat' dir='ltr'>Inque</span> <span class='ocrx_word' id='word_1_210' title='bbox 331 1915 466 1942; x_wconf 89' lang='lat' dir='ltr'>umero</span> <span class='ocrx_word' id='word_1_211' title='bbox 498 1904 631 1941; x_wconf 89' lang='lat' dir='ltr'>sonuit</span> <span class='ocrx_word' id='word_1_212' title='bbox 661 1915 740 1941; x_wconf 88' lang='lat' dir='ltr'>non</span> <span class='ocrx_word' id='word_1_213' title='bbox 771 1904 912 1941; x_wconf 88' lang='lat' dir='ltr'>evitata</span> <span class='ocrx_word' id='word_1_214' title='bbox 942 1904 1127 1955; x_wconf 87' lang='lat' dir='ltr'>sinistro;</span> 
     </span>
     <span class='ocr_line' id='line_1_31' title="bbox 177 1960 1279 2012; baseline 0 -12"><span class='ocrx_word' id='word_1_215' title='bbox 177 1961 269 2001; x_wconf 84' lang='lat' dir='ltr'>inde</span> <span class='ocrx_word' id='word_1_216' title='bbox 301 1961 407 2000; x_wconf 86' lang='lat' dir='ltr'>velut</span> <span class='ocrx_word' id='word_1_217' title='bbox 437 1973 550 2000; x_wconf 88' lang='lat' dir='ltr'>muro</span> <span class='ocrx_word' id='word_1_218' title='bbox 581 1960 781 2012; x_wconf 87' lang='lat' dir='ltr'>solidaque</span> <span class='ocrx_word' id='word_1_219' title='bbox 813 1973 835 2000; x_wconf 91' lang='lat' dir='ltr'>a</span> <span class='ocrx_word' id='word_1_220' title='bbox 866 1966 978 2000; x_wconf 86' lang='lat' dir='ltr'>caute</span> <span class='ocrx_word' id='word_1_221' title='bbox 1010 1961 1166 2012; x_wconf 88' lang='lat' dir='ltr'>repulsa</span> <span class='ocrx_word' id='word_1_222' title='bbox 1197 1966 1279 2000; x_wconf 82' lang='lat' dir='ltr'>est.</span> 
     </span>
    </p>

    <p class='ocr_par' dir='ltr' id='par_1_13' title="bbox 92 2018 1352 2129">
     <span class='ocr_line' id='line_1_32' title="bbox 92 2018 1352 2072; baseline 0.002 -14"><span class='ocrx_word' id='word_1_223' title='bbox 92 2029 155 2060; x_wconf 77' lang='lat'>125</span> <span class='ocrx_word' id='word_1_224' title='bbox 177 2020 262 2066; x_wconf 86' lang='lat' dir='ltr'>Qua</span> <span class='ocrx_word' id='word_1_225' title='bbox 293 2025 422 2059; x_wconf 84' lang='lat' dir='ltr'>tamen</span> <span class='ocrx_word' id='word_1_226' title='bbox 453 2022 555 2059; x_wconf 91' lang='lat' dir='ltr'>ictus</span> <span class='ocrx_word' id='word_1_227' title='bbox 586 2026 698 2072; x_wconf 86' lang='lat' dir='ltr'>erat,</span> <span class='ocrx_word' id='word_1_228' title='bbox 730 2021 925 2070; x_wconf 85' lang='lat' dir='ltr'>signatum</span> <span class='ocrx_word' id='word_1_229' title='bbox 957 2021 1144 2070; x_wconf 86' lang='lat' dir='ltr'>sanguine</span> <span class='ocrx_word' id='word_1_230' title='bbox 1177 2018 1352 2071; x_wconf 81' lang='lat' dir='ltr'>Cygnum</span> 
     </span>
     <span class='ocr_line' id='line_1_33' title="bbox 177 2077 1144 2129; baseline 0 -13"><span class='ocrx_word' id='word_1_231' title='bbox 177 2078 334 2117; x_wconf 87' lang='lat' dir='ltr'>Viderat</span> <span class='ocrx_word' id='word_1_232' title='bbox 363 2084 404 2117; x_wconf 88' lang='lat' dir='ltr'>et</span> <span class='ocrx_word' id='word_1_233' title='bbox 433 2079 579 2117; x_wconf 81' lang='lat' dir='ltr'>frustra</span> <span class='ocrx_word' id='word_1_234' title='bbox 610 2079 737 2117; x_wconf 80' lang='lat' dir='ltr'>suerat</span> <span class='ocrx_word' id='word_1_235' title='bbox 768 2080 923 2129; x_wconf 82' lang='lat' dir='ltr'>gavisus</span> <span class='ocrx_word' id='word_1_236' title='bbox 953 2077 1144 2117; x_wconf 87' lang='lat' dir='ltr'>Achilles.</span> 
     </span>
    </p>

    <p class='ocr_par' dir='ltr' id='par_1_14' title="bbox 177 2135 1308 2305">
     <span class='ocr_line' id='line_1_34' title="bbox 179 2135 1308 2189; baseline 0.001 -14"><span class='ocrx_word' id='word_1_237' title='bbox 179 2136 327 2175; x_wconf 91' lang='lat' dir='ltr'>Vulnus</span> <span class='ocrx_word' id='word_1_238' title='bbox 359 2142 443 2175; x_wconf 86' lang='lat' dir='ltr'>erat</span> <span class='ocrx_word' id='word_1_239' title='bbox 473 2136 653 2189; x_wconf 80' lang='lat' dir='ltr'>nullum3</span> <span class='ocrx_word' id='word_1_240' title='bbox 685 2138 843 2187; x_wconf 83' lang='lat' dir='ltr'>sanguis</span> <span class='ocrx_word' id='word_1_241' title='bbox 875 2141 959 2175; x_wconf 86' lang='lat' dir='ltr'>erat</span> <span class='ocrx_word' id='word_1_242' title='bbox 989 2136 1053 2175; x_wconf 89' lang='lat' dir='ltr'>ille</span> <span class='ocrx_word' id='word_1_243' title='bbox 1084 2135 1308 2176; x_wconf 87' lang='lat' dir='ltr'>Menoetae.</span> 
     </span>
     <span class='ocr_line' id='line_1_35' title="bbox 177 2194 1274 2246; baseline 0 -12"><span class='ocrx_word' id='word_1_244' title='bbox 177 2195 278 2234; x_wconf 89' lang='lat' dir='ltr'>Tum</span> <span class='ocrx_word' id='word_1_245' title='bbox 311 2207 402 2233; x_wconf 91' lang='lat' dir='ltr'>vero</span> <span class='ocrx_word' id='word_1_246' title='bbox 433 2206 621 2246; x_wconf 83' lang='lat' dir='ltr'>praeceps</span> <span class='ocrx_word' id='word_1_247' title='bbox 653 2207 773 2234; x_wconf 88' lang='lat' dir='ltr'>curru</span> <span class='ocrx_word' id='word_1_248' title='bbox 806 2194 1086 2234; x_wconf 83' lang='lat' dir='ltr'>fremebundus</span> <span class='ocrx_word' id='word_1_249' title='bbox 1118 2194 1165 2233; x_wconf 91' lang='lat' dir='ltr'>ab</span> <span class='ocrx_word' id='word_1_250' title='bbox 1198 2195 1274 2234; x_wconf 90' lang='lat' dir='ltr'>alto</span> 
     </span>
     <span class='ocr_line' id='line_1_36' title="bbox 177 2252 1221 2305; baseline 0 -13"><span class='ocrx_word' id='word_1_251' title='bbox 177 2253 343 2305; x_wconf 86' lang='lat' dir='ltr'>Desilit,</span> <span class='ocrx_word' id='word_1_252' title='bbox 377 2260 417 2292; x_wconf 88' lang='lat' dir='ltr'>et</span> <span class='ocrx_word' id='word_1_253' title='bbox 447 2252 570 2292; x_wconf 85' lang='lat' dir='ltr'>nitido</span> <span class='ocrx_word' id='word_1_254' title='bbox 602 2265 787 2292; x_wconf 87' lang='lat' dir='ltr'>securum</span> <span class='ocrx_word' id='word_1_255' title='bbox 818 2255 1037 2292; x_wconf 88' lang='lat' dir='ltr'>comminus</span> <span class='ocrx_word' id='word_1_256' title='bbox 1067 2252 1221 2293; x_wconf 89' lang='lat' dir='ltr'>hostem</span> 
     </span>
    </p>

    <p class='ocr_par' dir='ltr' id='par_1_15' title="bbox 93 2311 1228 2363">
     <span class='ocr_line' id='line_1_37' title="bbox 93 2311 1228 2363; baseline 0 -13"><span class='ocrx_word' id='word_1_257' title='bbox 93 2320 157 2351; x_wconf 86' lang='lat'>130</span> <span class='ocrx_word' id='word_1_258' title='bbox 177 2311 281 2350; x_wconf 89' lang='lat' dir='ltr'>Ense</span> <span class='ocrx_word' id='word_1_259' title='bbox 313 2318 451 2363; x_wconf 87' lang='lat' dir='ltr'>petens</span> <span class='ocrx_word' id='word_1_260' title='bbox 482 2323 656 2363; x_wconf 88' lang='lat' dir='ltr'>parmam</span> <span class='ocrx_word' id='word_1_261' title='bbox 687 2311 812 2362; x_wconf 90' lang='lat' dir='ltr'>gladio</span> <span class='ocrx_word' id='word_1_262' title='bbox 844 2311 1068 2363; x_wconf 85' lang='lat' dir='ltr'>galeamque</span> <span class='ocrx_word' id='word_1_263' title='bbox 1100 2313 1228 2351; x_wconf 86' lang='lat' dir='ltr'>cavari</span> 
     </span>
    </p>

    <p class='ocr_par' dir='ltr' id='par_1_16' title="bbox 130 2369 1331 2471">
     <span class='ocr_line' id='line_1_38' title="bbox 179 2369 1331 2423; baseline -0.001 -15"><span class='ocrx_word' id='word_1_264' title='bbox 179 2370 341 2423; x_wconf 79' lang='lat' dir='ltr'>Cernit,</span> <span class='ocrx_word' id='word_1_265' title='bbox 373 2376 411 2409; x_wconf 89' lang='lat' dir='ltr'>at</span> <span class='ocrx_word' id='word_1_266' title='bbox 441 2371 481 2408; x_wconf 91' lang='lat' dir='ltr'>in</span> <span class='ocrx_word' id='word_1_267' title='bbox 513 2369 612 2409; x_wconf 85' lang='lat' dir='ltr'>duro</span> <span class='ocrx_word' id='word_1_268' title='bbox 643 2369 743 2409; x_wconf 90' lang='lat' dir='ltr'>laedi</span> <span class='ocrx_word' id='word_1_269' title='bbox 774 2382 930 2422; x_wconf 89' lang='lat' dir='ltr'>quoque</span> <span class='ocrx_word' id='word_1_270' title='bbox 962 2382 1127 2422; x_wconf 87' lang='lat' dir='ltr'>corpore</span> <span class='ocrx_word' id='word_1_271' title='bbox 1160 2370 1331 2409; x_wconf 82' lang='lat' dir='ltr'>ferrum.</span> 
     </span>
     <span class='ocr_line' id='line_1_39' title="bbox 130 2440 1114 2471; baseline 0.003 -3"><span class='ocrx_word' id='word_1_272' title='bbox 130 2441 241 2468; x_wconf 76' lang='lat' dir='ltr'><strong>OV‘ID.</strong></span> <span class='ocrx_word' id='word_1_273' title='bbox 260 2442 306 2468; x_wconf 84' lang='lat'>11.</span> <span class='ocrx_word' id='word_1_274' title='bbox 1073 2440 1114 2471; x_wconf 76' lang='lat'>1⁶</span> 
     </span>
    </p>
   </div>
  </div>
 </body>
</html>
