<?xml version="1.0" encoding="UTF-8"?>
<!DOCTYPE html PUBLIC "-//W3C//DTD XHTML 1.0 Transitional//EN"
    "http://www.w3.org/TR/xhtml1/DTD/xhtml1-transitional.dtd">
<html xmlns="http://www.w3.org/1999/xhtml" xml:lang="en" lang="en">
 <head>
  <title>
</title>
<meta http-equiv="Content-Type" content="text/html;charset=utf-8" />
  <meta name='ocr-system' content='tesseract 3.04.00' />
  <meta name='ocr-capabilities' content='ocr_page ocr_carea ocr_par ocr_line ocrx_word'/>
</head>
<body>
  <div class='ocr_page' id='page_1' title='image "./ovidopera02oviduoft_0129.png"; bbox 0 0 1527 2580; ppageno 0'>
   <div class='ocr_carea' id='block_1_1' title="bbox 551 114 1374 157">
    <p class='ocr_par' dir='ltr' id='par_1_1' title="bbox 551 114 1374 157">
     <span class='ocr_line' id='line_1_1' title="bbox 551 114 1374 157; baseline 0.001 -9"><span class='ocrx_word' id='word_1_1' title='bbox 551 114 599 148; x_wconf 84' lang='lat' dir='ltr'>IV</span> <span class='ocrx_word' id='word_1_2' title='bbox 621 141 629 157; x_wconf 82' lang='grc'>,</span> <span class='ocrx_word' id='word_1_3' title='bbox 657 117 840 149; x_wconf 79' lang='lat'>355--428</span> <span class='ocrx_word' id='word_1_4' title='bbox 856 141 863 149; x_wconf 91' lang='lat'>.</span> <span class='ocrx_word' id='word_1_5' title='bbox 997 127 1182 149; x_wconf 66' lang='lat' dir='ltr'>EINYEIDES</span> <span class='ocrx_word' id='word_1_6' title='bbox 1323 116 1374 156; x_wconf 75' lang='grc'>77</span> 
     </span>
    </p>
   </div>
   <div class='ocr_carea' id='block_1_2' title="bbox 70 224 1381 2384">
    <p class='ocr_par' dir='ltr' id='par_1_2' title="bbox 157 224 1374 396">
     <span class='ocr_line' id='line_1_2' title="bbox 158 224 1119 276; baseline 0.001 -12"><span class='ocrx_word' id='word_1_7' title='bbox 158 224 425 276; x_wconf 78' lang='lat' dir='ltr'>Obstrepuere</span> <span class='ocrx_word' id='word_1_8' title='bbox 458 225 563 262; x_wconf 89' lang='lat' dir='ltr'>sonis</span> <span class='ocrx_word' id='word_1_9' title='bbox 583 256 593 276; x_wconf 84' lang='lat'><em>,</em></span> <span class='ocrx_word' id='word_1_10' title='bbox 625 231 664 264; x_wconf 84' lang='lat' dir='ltr'>et</span> <span class='ocrx_word' id='word_1_11' title='bbox 696 224 845 264; x_wconf 90' lang='lat' dir='ltr'>adunco</span> <span class='ocrx_word' id='word_1_12' title='bbox 878 225 969 264; x_wconf 89' lang='lat' dir='ltr'>tibia</span> <span class='ocrx_word' id='word_1_13' title='bbox 996 237 1119 266; x_wconf 88' lang='lat' dir='ltr'>cornu</span> 
     </span>
     <span class='ocr_line' id='line_1_3' title="bbox 157 282 1374 337; baseline 0.003 -16"><span class='ocrx_word' id='word_1_14' title='bbox 157 282 403 334; x_wconf 89' lang='lat' dir='ltr'>Tinnulaque</span> <span class='ocrx_word' id='word_1_15' title='bbox 424 294 512 321; x_wconf 89' lang='lat' dir='ltr'>aera</span> <span class='ocrx_word' id='word_1_16' title='bbox 533 289 694 322; x_wconf 90' lang='lat' dir='ltr'>sonant.</span> <span class='ocrx_word' id='word_1_17' title='bbox 715 283 894 323; x_wconf 84' lang='lat' dir='ltr'>redolent</span> <span class='ocrx_word' id='word_1_18' title='bbox 914 296 1147 336; x_wconf 83' lang='lat' dir='ltr'>murraeque</span> <span class='ocrx_word' id='word_1_19' title='bbox 1169 287 1350 337; x_wconf 80' lang='lat' dir='ltr'>crocique</span> <span class='ocrx_word' id='word_1_20' title='bbox 1369 303 1374 324; x_wconf 79' lang='grc'>;</span> 
     </span>
     <span class='ocr_line' id='line_1_4' title="bbox 157 340 1190 396; baseline 0.001 -15"><span class='ocrx_word' id='word_1_21' title='bbox 157 341 313 393; x_wconf 83' lang='lat' dir='ltr'>Resque</span> <span class='ocrx_word' id='word_1_22' title='bbox 346 340 421 380; x_wconf 86' lang='lat' dir='ltr'>fide</span> <span class='ocrx_word' id='word_1_23' title='bbox 453 342 605 393; x_wconf 88' lang='lat' dir='ltr'>maior,</span> <span class='ocrx_word' id='word_1_24' title='bbox 637 353 802 393; x_wconf 87' lang='lat' dir='ltr'>coepere</span> <span class='ocrx_word' id='word_1_25' title='bbox 835 344 1028 382; x_wconf 88' lang='lat' dir='ltr'>virescere</span> <span class='ocrx_word' id='word_1_26' title='bbox 1061 343 1190 396; x_wconf 79' lang='lat' dir='ltr'>telae,</span> 
     </span>
    </p>

    <p class='ocr_par' dir='ltr' id='par_1_3' title="bbox 71 399 1310 689">
     <span class='ocr_line' id='line_1_5' title="bbox 71 399 1310 451; baseline 0.002 -11"><span class='ocrx_word' id='word_1_27' title='bbox 71 408 138 440; x_wconf 81' lang='grc'>395</span> <span class='ocrx_word' id='word_1_28' title='bbox 158 400 280 451; x_wconf 80' lang='lat' dir='ltr'>Inque</span> <span class='ocrx_word' id='word_1_29' title='bbox 312 399 479 439; x_wconf 84' lang='lat' dir='ltr'>hederae</span> <span class='ocrx_word' id='word_1_30' title='bbox 512 399 649 439; x_wconf 77' lang='lat' dir='ltr'>faciem</span> <span class='ocrx_word' id='word_1_31' title='bbox 681 400 855 451; x_wconf 88' lang='lat' dir='ltr'>pendens</span> <span class='ocrx_word' id='word_1_32' title='bbox 888 401 1138 441; x_wconf 76' lang='lat' dir='ltr'>frondescere</span> <span class='ocrx_word' id='word_1_33' title='bbox 1171 405 1310 442; x_wconf 85' lang='lat' dir='ltr'>vestis.</span> 
     </span>
     <span class='ocr_line' id='line_1_6' title="bbox 157 457 1252 514; baseline 0.002 -16"><span class='ocrx_word' id='word_1_34' title='bbox 157 459 253 498; x_wconf 87' lang='lat' dir='ltr'>Pars</span> <span class='ocrx_word' id='word_1_35' title='bbox 285 457 365 498; x_wconf 91' lang='lat' dir='ltr'>abit</span> <span class='ocrx_word' id='word_1_36' title='bbox 396 460 434 497; x_wconf 92' lang='lat' dir='ltr'>in</span> <span class='ocrx_word' id='word_1_37' title='bbox 468 460 595 510; x_wconf 88' lang='lat' dir='ltr'>vites,</span> <span class='ocrx_word' id='word_1_38' title='bbox 627 464 667 497; x_wconf 91' lang='lat' dir='ltr'>et</span> <span class='ocrx_word' id='word_1_39' title='bbox 697 471 795 510; x_wconf 90' lang='lat' dir='ltr'>quae</span> <span class='ocrx_word' id='word_1_40' title='bbox 829 459 941 498; x_wconf 90' lang='lat' dir='ltr'>modo</span> <span class='ocrx_word' id='word_1_41' title='bbox 974 460 1036 499; x_wconf 87' lang='lat' dir='ltr'>fila</span> <span class='ocrx_word' id='word_1_42' title='bbox 1067 461 1252 514; x_wconf 79' lang='lat' dir='ltr'>fuerunt,</span> 
     </span>
     <span class='ocr_line' id='line_1_7' title="bbox 157 516 1230 570; baseline 0.004 -14"><span class='ocrx_word' id='word_1_43' title='bbox 157 517 318 556; x_wconf 87' lang='lat' dir='ltr'>Palmite</span> <span class='ocrx_word' id='word_1_44' title='bbox 353 523 581 556; x_wconf 85' lang='lat' dir='ltr'>mutantur.</span> <span class='ocrx_word' id='word_1_45' title='bbox 621 516 668 555; x_wconf 92' lang='lat' dir='ltr'>de</span> <span class='ocrx_word' id='word_1_46' title='bbox 701 519 864 557; x_wconf 89' lang='lat' dir='ltr'>stamine</span> <span class='ocrx_word' id='word_1_47' title='bbox 897 520 1102 570; x_wconf 90' lang='lat' dir='ltr'>pampinus</span> <span class='ocrx_word' id='word_1_48' title='bbox 1129 521 1230 560; x_wconf 83' lang='lat' dir='ltr'>exit:</span> 
     </span>
     <span class='ocr_line' id='line_1_8' title="bbox 158 575 1152 627; baseline 0.004 -13"><span class='ocrx_word' id='word_1_49' title='bbox 158 575 338 627; x_wconf 86' lang='lat' dir='ltr'>Purpura</span> <span class='ocrx_word' id='word_1_50' title='bbox 372 575 562 626; x_wconf 77' lang='lat' dir='ltr'>fulgorem</span> <span class='ocrx_word' id='word_1_51' title='bbox 595 576 711 627; x_wconf 89' lang='lat' dir='ltr'>pictis</span> <span class='ocrx_word' id='word_1_52' title='bbox 743 577 1008 616; x_wconf 78' lang='lat' dir='ltr'>accommodat</span> <span class='ocrx_word' id='word_1_53' title='bbox 1039 579 1125 617; x_wconf 84' lang='lat' dir='ltr'>uvis</span> <span class='ocrx_word' id='word_1_54' title='bbox 1144 609 1152 618; x_wconf 91' lang='lat'><strong>.</strong></span> 
     </span>
     <span class='ocr_line' id='line_1_9' title="bbox 158 634 1248 689; baseline 0.002 -16"><span class='ocrx_word' id='word_1_55' title='bbox 158 635 314 685; x_wconf 89' lang='lat' dir='ltr'>lamque</span> <span class='ocrx_word' id='word_1_56' title='bbox 349 634 432 673; x_wconf 87' lang='lat' dir='ltr'>dies</span> <span class='ocrx_word' id='word_1_57' title='bbox 463 640 623 673; x_wconf 86' lang='lat' dir='ltr'>exactus</span> <span class='ocrx_word' id='word_1_58' title='bbox 656 640 768 686; x_wconf 88' lang='lat' dir='ltr'>erat,</span> <span class='ocrx_word' id='word_1_59' title='bbox 799 640 1033 686; x_wconf 85' lang='lat' dir='ltr'>tempusque</span> <span class='ocrx_word' id='word_1_60' title='bbox 1064 635 1248 689; x_wconf 83' lang='lat' dir='ltr'>subibat,</span> 
     </span>
    </p>

    <p class='ocr_par' dir='ltr' id='par_1_4' title="bbox 70 692 1272 792">
     <span class='ocr_line' id='line_1_10' title="bbox 70 692 1272 747; baseline 0.002 -15"><span class='ocrx_word' id='word_1_61' title='bbox 70 700 138 733; x_wconf 78' lang='lat'>400</span> <span class='ocrx_word' id='word_1_62' title='bbox 159 692 271 739; x_wconf 89' lang='lat' dir='ltr'>Quod</span> <span class='ocrx_word' id='word_1_63' title='bbox 304 699 346 732; x_wconf 93' lang='lat' dir='ltr'>tu</span> <span class='ocrx_word' id='word_1_64' title='bbox 379 705 452 732; x_wconf 88' lang='lat' dir='ltr'>nec</span> <span class='ocrx_word' id='word_1_65' title='bbox 482 692 666 732; x_wconf 86' lang='lat' dir='ltr'>tenebras</span> <span class='ocrx_word' id='word_1_66' title='bbox 698 705 770 732; x_wconf 90' lang='lat' dir='ltr'>nec</span> <span class='ocrx_word' id='word_1_67' title='bbox 802 696 927 745; x_wconf 84' lang='lat' dir='ltr'>possis</span> <span class='ocrx_word' id='word_1_68' title='bbox 960 694 1089 734; x_wconf 88' lang='lat' dir='ltr'>dicere</span> <span class='ocrx_word' id='word_1_69' title='bbox 1121 695 1272 747; x_wconf 86' lang='lat' dir='ltr'>lucem,</span> 
     </span>
     <span class='ocr_line' id='line_1_11' title="bbox 159 751 1184 792; baseline 0.002 -2"><span class='ocrx_word' id='word_1_70' title='bbox 159 751 234 791; x_wconf 91' lang='lat' dir='ltr'>Sed</span> <span class='ocrx_word' id='word_1_71' title='bbox 268 764 357 790; x_wconf 89' lang='lat' dir='ltr'>cum</span> <span class='ocrx_word' id='word_1_72' title='bbox 388 751 475 790; x_wconf 87' lang='lat' dir='ltr'>luce</span> <span class='ocrx_word' id='word_1_73' title='bbox 508 758 636 790; x_wconf 90' lang='lat' dir='ltr'>tamen</span> <span class='ocrx_word' id='word_1_74' title='bbox 668 751 808 790; x_wconf 81' lang='lat' dir='ltr'>dubiae</span> <span class='ocrx_word' id='word_1_75' title='bbox 840 753 1004 791; x_wconf 81' lang='lat' dir='ltr'>confinia</span> <span class='ocrx_word' id='word_1_76' title='bbox 1037 755 1184 792; x_wconf 81' lang='lat' dir='ltr'>noctis.</span> 
     </span>
    </p>

    <p class='ocr_par' dir='ltr' id='par_1_5' title="bbox 158 810 1297 978">
     <span class='ocr_line' id='line_1_12' title="bbox 158 810 1297 862; baseline 0.001 -13"><span class='ocrx_word' id='word_1_77' title='bbox 158 810 274 849; x_wconf 87' lang='lat' dir='ltr'>Tecta</span> <span class='ocrx_word' id='word_1_78' title='bbox 310 815 470 862; x_wconf 88' lang='lat' dir='ltr'>repente</span> <span class='ocrx_word' id='word_1_79' title='bbox 504 812 639 862; x_wconf 86' lang='lat' dir='ltr'>quati,</span> <span class='ocrx_word' id='word_1_80' title='bbox 671 812 914 862; x_wconf 84' lang='lat' dir='ltr'>pinguesque</span> <span class='ocrx_word' id='word_1_81' title='bbox 947 811 1083 850; x_wconf 83' lang='lat' dir='ltr'>ardere</span> <span class='ocrx_word' id='word_1_82' title='bbox 1116 811 1297 851; x_wconf 84' lang='lat' dir='ltr'>videntur</span> 
     </span>
     <span class='ocr_line' id='line_1_13' title="bbox 159 868 1185 922; baseline 0.002 -15"><span class='ocrx_word' id='word_1_83' title='bbox 159 868 371 920; x_wconf 85' lang='lat' dir='ltr'>Lampades</span> <span class='ocrx_word' id='word_1_84' title='bbox 403 874 443 907; x_wconf 91' lang='lat' dir='ltr'>et</span> <span class='ocrx_word' id='word_1_85' title='bbox 474 869 601 907; x_wconf 88' lang='lat' dir='ltr'>rutilis</span> <span class='ocrx_word' id='word_1_86' title='bbox 634 868 828 907; x_wconf 89' lang='lat' dir='ltr'>collucere</span> <span class='ocrx_word' id='word_1_87' title='bbox 860 869 1015 920; x_wconf 89' lang='lat' dir='ltr'>ignibus</span> <span class='ocrx_word' id='word_1_88' title='bbox 1047 869 1185 922; x_wconf 83' lang='lat' dir='ltr'>aedes,</span> 
     </span>
     <span class='ocr_line' id='line_1_14' title="bbox 159 927 1228 978; baseline 0.001 -12"><span class='ocrx_word' id='word_1_89' title='bbox 159 927 346 978; x_wconf 88' lang='lat' dir='ltr'>Falsaque</span> <span class='ocrx_word' id='word_1_90' title='bbox 380 939 582 966; x_wconf 91' lang='lat' dir='ltr'>saevarum</span> <span class='ocrx_word' id='word_1_91' title='bbox 615 927 820 966; x_wconf 91' lang='lat' dir='ltr'>simulacra</span> <span class='ocrx_word' id='word_1_92' title='bbox 851 927 1002 967; x_wconf 88' lang='lat' dir='ltr'>ululare</span> <span class='ocrx_word' id='word_1_93' title='bbox 1034 928 1228 967; x_wconf 83' lang='lat' dir='ltr'>serarum.</span> 
     </span>
    </p>

    <p class='ocr_par' dir='ltr' id='par_1_6' title="bbox 70 985 1377 1214">
     <span class='ocr_line' id='line_1_15' title="bbox 70 985 1195 1038; baseline -0.001 -12"><span class='ocrx_word' id='word_1_94' title='bbox 70 994 136 1026; x_wconf 79' lang='lat'>405</span> <span class='ocrx_word' id='word_1_95' title='bbox 159 985 320 1025; x_wconf 84' lang='lat' dir='ltr'>Fumida</span> <span class='ocrx_word' id='word_1_96' title='bbox 351 985 564 1025; x_wconf 88' lang='lat' dir='ltr'>iandudum</span> <span class='ocrx_word' id='word_1_97' title='bbox 596 985 749 1025; x_wconf 89' lang='lat' dir='ltr'>latitant</span> <span class='ocrx_word' id='word_1_98' title='bbox 779 997 850 1037; x_wconf 89' lang='lat' dir='ltr'>per</span> <span class='ocrx_word' id='word_1_99' title='bbox 881 991 984 1025; x_wconf 88' lang='lat' dir='ltr'>tecta</span> <span class='ocrx_word' id='word_1_100' title='bbox 1015 999 1195 1038; x_wconf 81' lang='lat' dir='ltr'>sorores,</span> 
     </span>
     <span class='ocr_line' id='line_1_16' title="bbox 158 1044 1360 1095; baseline -0.003 -11"><span class='ocrx_word' id='word_1_101' title='bbox 158 1044 419 1095; x_wconf 87' lang='lat' dir='ltr'>Diversaeque</span> <span class='ocrx_word' id='word_1_102' title='bbox 452 1044 546 1083; x_wconf 92' lang='lat' dir='ltr'>locis</span> <span class='ocrx_word' id='word_1_103' title='bbox 578 1045 688 1095; x_wconf 90' lang='lat' dir='ltr'>ignes</span> <span class='ocrx_word' id='word_1_104' title='bbox 721 1056 764 1083; x_wconf 87' lang='lat' dir='ltr'>ac</span> <span class='ocrx_word' id='word_1_105' title='bbox 795 1044 942 1083; x_wconf 92' lang='lat' dir='ltr'>lumina</span> <span class='ocrx_word' id='word_1_106' title='bbox 973 1046 1117 1084; x_wconf 90' lang='lat' dir='ltr'>vitant.</span> <span class='ocrx_word' id='word_1_107' title='bbox 1246 1053 1277 1080; x_wconf 73' lang='grc' dir='ltr'>ι.</span> <span class='ocrx_word' id='word_1_108' title='bbox 1298 1053 1360 1079; x_wconf 71' lang='lat' dir='ltr'>xin·</span> 
     </span>
     <span class='ocr_line' id='line_1_17' title="bbox 157 1102 1377 1155; baseline 0.002 -13"><span class='ocrx_word' id='word_1_109' title='bbox 157 1102 336 1155; x_wconf 87' lang='lat' dir='ltr'>Dumque</span> <span class='ocrx_word' id='word_1_110' title='bbox 367 1108 508 1154; x_wconf 88' lang='lat' dir='ltr'>petunt</span> <span class='ocrx_word' id='word_1_111' title='bbox 537 1102 705 1142; x_wconf 86' lang='lat' dir='ltr'>latebras</span> <span class='ocrx_word' id='word_1_112' title='bbox 724 1134 735 1155; x_wconf 88' lang='lat'><em>‚</em></span> <span class='ocrx_word' id='word_1_113' title='bbox 766 1115 905 1154; x_wconf 89' lang='lat' dir='ltr'>parvos</span> <span class='ocrx_word' id='word_1_114' title='bbox 937 1103 1161 1144; x_wconf 73' lang='lat' dir='ltr'>membrana</span> <span class='ocrx_word' id='word_1_115' title='bbox 1183 1116 1252 1155; x_wconf 90' lang='lat' dir='ltr'>per</span> <span class='ocrx_word' id='word_1_116' title='bbox 1273 1110 1377 1144; x_wconf 81' lang='lat' dir='ltr'>artus</span> 
     </span>
     <span class='ocr_line' id='line_1_18' title="bbox 157 1161 1205 1214; baseline -0.001 -13"><span class='ocrx_word' id='word_1_117' title='bbox 157 1161 378 1213; x_wconf 88' lang='lat' dir='ltr'>Porrigitur</span> <span class='ocrx_word' id='word_1_118' title='bbox 397 1193 408 1214; x_wconf 90' lang='lat'><em>,</em></span> <span class='ocrx_word' id='word_1_119' title='bbox 440 1163 626 1212; x_wconf 88' lang='lat' dir='ltr'>tenuique</span> <span class='ocrx_word' id='word_1_120' title='bbox 658 1161 822 1200; x_wconf 88' lang='lat' dir='ltr'>includit</span> <span class='ocrx_word' id='word_1_121' title='bbox 853 1161 1033 1200; x_wconf 88' lang='lat' dir='ltr'>bracchia</span> <span class='ocrx_word' id='word_1_122' title='bbox 1066 1163 1205 1212; x_wconf 88' lang='lat' dir='ltr'>pinna.</span> 
     </span>
    </p>

    <p class='ocr_par' dir='ltr' id='par_1_7' title="bbox 157 1220 1225 1273">
     <span class='ocr_line' id='line_1_19' title="bbox 157 1220 1225 1273; baseline -0.001 -13"><span class='ocrx_word' id='word_1_123' title='bbox 157 1220 239 1260; x_wconf 90' lang='lat' dir='ltr'>Nec</span> <span class='ocrx_word' id='word_1_124' title='bbox 270 1232 346 1272; x_wconf 90' lang='lat' dir='ltr'>qua</span> <span class='ocrx_word' id='word_1_125' title='bbox 377 1220 621 1272; x_wconf 85' lang='lat' dir='ltr'>perdiderint</span> <span class='ocrx_word' id='word_1_126' title='bbox 653 1225 824 1259; x_wconf 85' lang='lat' dir='ltr'>veterem</span> <span class='ocrx_word' id='word_1_127' title='bbox 857 1221 1005 1259; x_wconf 90' lang='lat' dir='ltr'>ratione</span> <span class='ocrx_word' id='word_1_128' title='bbox 1039 1221 1225 1273; x_wconf 84' lang='lat' dir='ltr'>figuram,</span> 
     </span>
    </p>

    <p class='ocr_par' dir='ltr' id='par_1_8' title="bbox 70 1277 1263 1331">
     <span class='ocr_line' id='line_1_20' title="bbox 70 1277 1263 1331; baseline -0.001 -12"><span class='ocrx_word' id='word_1_129' title='bbox 70 1286 139 1319; x_wconf 80' lang='lat'>410</span> <span class='ocrx_word' id='word_1_130' title='bbox 159 1279 270 1319; x_wconf 89' lang='lat' dir='ltr'>Scire</span> <span class='ocrx_word' id='word_1_131' title='bbox 302 1279 436 1318; x_wconf 91' lang='lat' dir='ltr'>sinunt</span> <span class='ocrx_word' id='word_1_132' title='bbox 467 1277 681 1318; x_wconf 87' lang='lat' dir='ltr'>tenebrae.</span> <span class='ocrx_word' id='word_1_133' title='bbox 719 1290 797 1317; x_wconf 86' lang='lat' dir='ltr'>non</span> <span class='ocrx_word' id='word_1_134' title='bbox 829 1277 913 1317; x_wconf 91' lang='lat' dir='ltr'>illas</span> <span class='ocrx_word' id='word_1_135' title='bbox 944 1278 1074 1330; x_wconf 91' lang='lat' dir='ltr'>pluma</span> <span class='ocrx_word' id='word_1_136' title='bbox 1105 1278 1263 1331; x_wconf 79' lang='lat' dir='ltr'>levavit3</span> 
     </span>
    </p>

    <p class='ocr_par' dir='ltr' id='par_1_9' title="bbox 157 1336 1338 1565">
     <span class='ocr_line' id='line_1_21' title="bbox 160 1336 1079 1388; baseline -0.002 -11"><span class='ocrx_word' id='word_1_137' title='bbox 160 1337 393 1377; x_wconf 86' lang='lat' dir='ltr'>Sustinuere</span> <span class='ocrx_word' id='word_1_138' title='bbox 423 1343 552 1377; x_wconf 90' lang='lat' dir='ltr'>tamen</span> <span class='ocrx_word' id='word_1_139' title='bbox 585 1349 626 1376; x_wconf 91' lang='lat' dir='ltr'>se</span> <span class='ocrx_word' id='word_1_140' title='bbox 659 1336 954 1388; x_wconf 88' lang='lat' dir='ltr'>perlucentibus</span> <span class='ocrx_word' id='word_1_141' title='bbox 986 1337 1079 1376; x_wconf 91' lang='lat' dir='ltr'>alis.</span> 
     </span>
     <span class='ocr_line' id='line_1_22' title="bbox 158 1395 1267 1447; baseline -0.001 -12"><span class='ocrx_word' id='word_1_142' title='bbox 158 1396 406 1447; x_wconf 87' lang='lat' dir='ltr'>Conataeque</span> <span class='ocrx_word' id='word_1_143' title='bbox 437 1395 572 1447; x_wconf 89' lang='lat' dir='ltr'>loqui,</span> <span class='ocrx_word' id='word_1_144' title='bbox 605 1397 803 1434; x_wconf 88' lang='lat' dir='ltr'>minimam</span> <span class='ocrx_word' id='word_1_145' title='bbox 834 1408 904 1447; x_wconf 89' lang='lat' dir='ltr'>pro</span> <span class='ocrx_word' id='word_1_146' title='bbox 938 1407 1102 1447; x_wconf 83' lang='lat' dir='ltr'>corpore</span> <span class='ocrx_word' id='word_1_147' title='bbox 1134 1408 1267 1435; x_wconf 89' lang='lat' dir='ltr'>vocem</span> 
     </span>
     <span class='ocr_line' id='line_1_23' title="bbox 158 1453 1267 1507; baseline -0.002 -13"><span class='ocrx_word' id='word_1_148' title='bbox 158 1454 382 1507; x_wconf 84' lang='lat' dir='ltr'>Emittunt,</span> <span class='ocrx_word' id='word_1_149' title='bbox 412 1460 684 1506; x_wconf 85' lang='lat' dir='ltr'>peraguntque</span> <span class='ocrx_word' id='word_1_150' title='bbox 716 1454 819 1493; x_wconf 83' lang='lat' dir='ltr'>leves</span> <span class='ocrx_word' id='word_1_151' title='bbox 851 1453 1019 1493; x_wconf 90' lang='lat' dir='ltr'>stridore</span> <span class='ocrx_word' id='word_1_152' title='bbox 1052 1453 1267 1504; x_wconf 68' lang='lat' dir='ltr'>querellas.</span> 
     </span>
     <span class='ocr_line' id='line_1_24' title="bbox 157 1512 1338 1565; baseline -0.003 -12"><span class='ocrx_word' id='word_1_153' title='bbox 157 1513 386 1565; x_wconf 89' lang='lat' dir='ltr'>Tectaque,</span> <span class='ocrx_word' id='word_1_154' title='bbox 418 1525 495 1552; x_wconf 94' lang='lat' dir='ltr'>non</span> <span class='ocrx_word' id='word_1_155' title='bbox 528 1512 642 1552; x_wconf 85' lang='lat' dir='ltr'>silvas</span> <span class='ocrx_word' id='word_1_156' title='bbox 674 1512 901 1551; x_wconf 89' lang='lat' dir='ltr'>celebrant.</span> <span class='ocrx_word' id='word_1_157' title='bbox 939 1512 1144 1564; x_wconf 88' lang='lat' dir='ltr'>lucemque</span> <span class='ocrx_word' id='word_1_158' title='bbox 1177 1524 1338 1563; x_wconf 89' lang='lat' dir='ltr'>perosae</span> 
     </span>
    </p>

    <p class='ocr_par' dir='ltr' id='par_1_10' title="bbox 73 1570 1306 1624">
     <span class='ocr_line' id='line_1_25' title="bbox 73 1570 1306 1624; baseline -0.002 -13"><span class='ocrx_word' id='word_1_159' title='bbox 73 1580 138 1611; x_wconf 79' lang='lat'>415</span> <span class='ocrx_word' id='word_1_160' title='bbox 158 1572 281 1611; x_wconf 86' lang='lat' dir='ltr'>Nocte</span> <span class='ocrx_word' id='word_1_161' title='bbox 312 1571 470 1624; x_wconf 86' lang='lat' dir='ltr'>volant,</span> <span class='ocrx_word' id='word_1_162' title='bbox 502 1583 670 1622; x_wconf 91' lang='lat' dir='ltr'>seroque</span> <span class='ocrx_word' id='word_1_163' title='bbox 702 1570 864 1610; x_wconf 88' lang='lat' dir='ltr'>trahunt</span> <span class='ocrx_word' id='word_1_164' title='bbox 895 1583 916 1609; x_wconf 90' lang='lat' dir='ltr'>a</span> <span class='ocrx_word' id='word_1_165' title='bbox 947 1583 1108 1622; x_wconf 84' lang='lat' dir='ltr'>vespere</span> <span class='ocrx_word' id='word_1_166' title='bbox 1141 1582 1306 1609; x_wconf 88' lang='lat' dir='ltr'>nomen.</span> 
     </span>
    </p>

    <p class='ocr_par' dir='ltr' id='par_1_11' title="bbox 159 1628 1252 1857">
     <span class='ocr_line' id='line_1_26' title="bbox 217 1628 1197 1670; baseline -0.002 -1"><span class='ocrx_word' id='word_1_167' title='bbox 217 1630 318 1670; x_wconf 88' lang='lat' dir='ltr'>Tum</span> <span class='ocrx_word' id='word_1_168' title='bbox 350 1642 441 1669; x_wconf 88' lang='lat' dir='ltr'>vero</span> <span class='ocrx_word' id='word_1_169' title='bbox 474 1631 566 1669; x_wconf 91' lang='lat' dir='ltr'>totis</span> <span class='ocrx_word' id='word_1_170' title='bbox 596 1628 739 1668; x_wconf 90' lang='lat' dir='ltr'>Bacchi</span> <span class='ocrx_word' id='word_1_171' title='bbox 770 1628 1020 1668; x_wconf 88' lang='lat' dir='ltr'>memorabile</span> <span class='ocrx_word' id='word_1_172' title='bbox 1053 1628 1197 1668; x_wconf 91' lang='lat' dir='ltr'>Thebis</span> 
     </span>
     <span class='ocr_line' id='line_1_27' title="bbox 159 1689 1221 1741; baseline -0.004 -12"><span class='ocrx_word' id='word_1_173' title='bbox 159 1689 311 1729; x_wconf 89' lang='lat' dir='ltr'>Numen</span> <span class='ocrx_word' id='word_1_174' title='bbox 344 1694 457 1741; x_wconf 86' lang='lat' dir='ltr'>erat,</span> <span class='ocrx_word' id='word_1_175' title='bbox 489 1700 725 1739; x_wconf 89' lang='lat' dir='ltr'>magnasque</span> <span class='ocrx_word' id='word_1_176' title='bbox 757 1689 846 1726; x_wconf 89' lang='lat' dir='ltr'>novi</span> <span class='ocrx_word' id='word_1_177' title='bbox 878 1693 1087 1726; x_wconf 89' lang='lat' dir='ltr'>matertera</span> <span class='ocrx_word' id='word_1_178' title='bbox 1119 1689 1221 1725; x_wconf 88' lang='lat' dir='ltr'>vires</span> 
     </span>
     <span class='ocr_line' id='line_1_28' title="bbox 159 1745 1252 1799; baseline -0.004 -12"><span class='ocrx_word' id='word_1_179' title='bbox 159 1748 299 1787; x_wconf 89' lang='lat' dir='ltr'>Narrat</span> <span class='ocrx_word' id='word_1_180' title='bbox 329 1746 475 1798; x_wconf 86' lang='lat' dir='ltr'>ubique</span> <span class='ocrx_word' id='word_1_181' title='bbox 508 1746 600 1799; x_wconf 82' lang='lat' dir='ltr'>dei,</span> <span class='ocrx_word' id='word_1_182' title='bbox 632 1746 679 1785; x_wconf 92' lang='lat' dir='ltr'>de</span> <span class='ocrx_word' id='word_1_183' title='bbox 713 1752 848 1797; x_wconf 92' lang='lat' dir='ltr'>totque</span> <span class='ocrx_word' id='word_1_184' title='bbox 878 1745 1081 1785; x_wconf 86' lang='lat' dir='ltr'>sororibus</span> <span class='ocrx_word' id='word_1_185' title='bbox 1113 1757 1252 1796; x_wconf 82' lang='lat' dir='ltr'>expers</span> 
     </span>
     <span class='ocr_line' id='line_1_29' title="bbox 159 1804 1190 1857; baseline -0.003 -12"><span class='ocrx_word' id='word_1_186' title='bbox 159 1806 241 1846; x_wconf 91' lang='lat' dir='ltr'>Una</span> <span class='ocrx_word' id='word_1_187' title='bbox 274 1805 419 1845; x_wconf 92' lang='lat' dir='ltr'>doloris</span> <span class='ocrx_word' id='word_1_188' title='bbox 451 1810 563 1857; x_wconf 89' lang='lat' dir='ltr'>erat,</span> <span class='ocrx_word' id='word_1_189' title='bbox 595 1806 669 1844; x_wconf 91' lang='lat' dir='ltr'>nisi</span> <span class='ocrx_word' id='word_1_190' title='bbox 701 1816 817 1856; x_wconf 89' lang='lat' dir='ltr'>quem</span> <span class='ocrx_word' id='word_1_191' title='bbox 850 1804 979 1843; x_wconf 84' lang='lat' dir='ltr'>secere</span> <span class='ocrx_word' id='word_1_192' title='bbox 1012 1815 1190 1842; x_wconf 85' lang='lat' dir='ltr'>sorores.</span> 
     </span>
    </p>

    <p class='ocr_par' dir='ltr' id='par_1_12' title="bbox 74 1860 1377 2147">
     <span class='ocr_line' id='line_1_30' title="bbox 74 1860 1377 1917; baseline -0.004 -13"><span class='ocrx_word' id='word_1_193' title='bbox 74 1873 140 1905; x_wconf 75' lang='lat'>420</span> <span class='ocrx_word' id='word_1_194' title='bbox 159 1866 308 1917; x_wconf 79' lang='lat' dir='ltr'>Aspicit</span> <span class='ocrx_word' id='word_1_195' title='bbox 339 1864 438 1903; x_wconf 88' lang='lat' dir='ltr'>hanc</span> <span class='ocrx_word' id='word_1_196' title='bbox 456 1895 468 1917; x_wconf 84' lang='lat'>‚</span> <span class='ocrx_word' id='word_1_197' title='bbox 499 1865 599 1903; x_wconf 80' lang='lat' dir='ltr'>natis</span> <span class='ocrx_word' id='word_1_198' title='bbox 630 1863 877 1914; x_wconf 88' lang='lat' dir='ltr'>thalamoque</span> <span class='ocrx_word' id='word_1_199' title='bbox 897 1862 1137 1901; x_wconf 85' lang='lat' dir='ltr'>Athamantis</span> <span class='ocrx_word' id='word_1_200' title='bbox 1169 1860 1377 1900; x_wconf 89' lang='lat' dir='ltr'>habentem</span> 
     </span>
     <span class='ocr_line' id='line_1_31' title="bbox 162 1919 1169 1973; baseline -0.005 -10"><span class='ocrx_word' id='word_1_201' title='bbox 162 1923 357 1963; x_wconf 88' lang='lat' dir='ltr'>Sublimes</span> <span class='ocrx_word' id='word_1_202' title='bbox 389 1924 538 1962; x_wconf 92' lang='lat' dir='ltr'>animos</span> <span class='ocrx_word' id='word_1_203' title='bbox 570 1927 610 1961; x_wconf 89' lang='lat' dir='ltr'>et</span> <span class='ocrx_word' id='word_1_204' title='bbox 640 1922 795 1960; x_wconf 92' lang='lat' dir='ltr'>alumno</span> <span class='ocrx_word' id='word_1_205' title='bbox 828 1922 986 1959; x_wconf 88' lang='lat' dir='ltr'>numine</span> <span class='ocrx_word' id='word_1_206' title='bbox 1005 1952 1016 1973; x_wconf 87' lang='lat'><em>‚</em></span> <span class='ocrx_word' id='word_1_207' title='bbox 1050 1919 1169 1972; x_wconf 80' lang='lat' dir='ltr'>luno,</span> 
     </span>
     <span class='ocr_line' id='line_1_32' title="bbox 161 1977 1202 2034; baseline -0.005 -13"><span class='ocrx_word' id='word_1_208' title='bbox 161 1982 241 2022; x_wconf 92' lang='lat' dir='ltr'>Nec</span> <span class='ocrx_word' id='word_1_209' title='bbox 272 1981 390 2034; x_wconf 89' lang='lat' dir='ltr'>tulit,</span> <span class='ocrx_word' id='word_1_210' title='bbox 421 1988 462 2020; x_wconf 91' lang='lat' dir='ltr'>et</span> <span class='ocrx_word' id='word_1_211' title='bbox 491 1992 626 2020; x_wconf 84' lang='lat' dir='ltr'>secum</span> <span class='ocrx_word' id='word_1_212' title='bbox 659 1977 802 2031; x_wconf 79' lang='lat' dir='ltr'>‘potuit</span> <span class='ocrx_word' id='word_1_213' title='bbox 832 1979 879 2017; x_wconf 89' lang='lat' dir='ltr'>de</span> <span class='ocrx_word' id='word_1_214' title='bbox 912 1978 1057 2029; x_wconf 85' lang='lat' dir='ltr'>paelice</span> <span class='ocrx_word' id='word_1_215' title='bbox 1090 1984 1202 2017; x_wconf 88' lang='lat' dir='ltr'>natus</span> 
     </span>
     <span class='ocr_line' id='line_1_33' title="bbox 162 2039 1246 2090; baseline -0.004 -12"><span class='ocrx_word' id='word_1_216' title='bbox 162 2039 321 2080; x_wconf 88' lang='lat' dir='ltr'>Vertere</span> <span class='ocrx_word' id='word_1_217' title='bbox 353 2039 550 2078; x_wconf 88' lang='lat' dir='ltr'>Maeonios</span> <span class='ocrx_word' id='word_1_218' title='bbox 580 2039 795 2090; x_wconf 84' lang='lat' dir='ltr'>pelagoque</span> <span class='ocrx_word' id='word_1_219' title='bbox 827 2039 1047 2088; x_wconf 82' lang='lat' dir='ltr'>inmergere</span> <span class='ocrx_word' id='word_1_220' title='bbox 1079 2043 1246 2089; x_wconf 86' lang='lat' dir='ltr'>nautas,</span> 
     </span>
     <span class='ocr_line' id='line_1_34' title="bbox 159 2096 1153 2147; baseline -0.005 -9"><span class='ocrx_word' id='word_1_221' title='bbox 159 2098 210 2138; x_wconf 89' lang='lat' dir='ltr'>Et</span> <span class='ocrx_word' id='word_1_222' title='bbox 239 2097 444 2138; x_wconf 83' lang='lat' dir='ltr'>laceranda</span> <span class='ocrx_word' id='word_1_223' title='bbox 475 2109 567 2137; x_wconf 92' lang='lat' dir='ltr'>suae</span> <span class='ocrx_word' id='word_1_224' title='bbox 600 2099 680 2136; x_wconf 89' lang='lat' dir='ltr'>nati</span> <span class='ocrx_word' id='word_1_225' title='bbox 711 2096 803 2135; x_wconf 90' lang='lat' dir='ltr'>dare</span> <span class='ocrx_word' id='word_1_226' title='bbox 835 2097 983 2134; x_wconf 84' lang='lat' dir='ltr'>viscera</span> <span class='ocrx_word' id='word_1_227' title='bbox 1015 2096 1153 2147; x_wconf 85' lang='lat' dir='ltr'>matri,</span> 
     </span>
    </p>

    <p class='ocr_par' dir='ltr' id='par_1_13' title="bbox 75 2153 1381 2384">
     <span class='ocr_line' id='line_1_35' title="bbox 75 2153 1112 2208; baseline -0.005 -11"><span class='ocrx_word' id='word_1_228' title='bbox 75 2166 141 2197; x_wconf 77' lang='lat'>425</span> <span class='ocrx_word' id='word_1_229' title='bbox 162 2157 211 2196; x_wconf 88' lang='lat' dir='ltr'>Et</span> <span class='ocrx_word' id='word_1_230' title='bbox 242 2156 416 2208; x_wconf 89' lang='lat' dir='ltr'>triplices</span> <span class='ocrx_word' id='word_1_231' title='bbox 447 2157 602 2207; x_wconf 87' lang='lat' dir='ltr'>operire</span> <span class='ocrx_word' id='word_1_232' title='bbox 635 2156 744 2194; x_wconf 89' lang='lat' dir='ltr'>novis</span> <span class='ocrx_word' id='word_1_233' title='bbox 775 2153 987 2205; x_wconf 80' lang='lat' dir='ltr'>Minyeidas</span> <span class='ocrx_word' id='word_1_234' title='bbox 1019 2153 1112 2193; x_wconf 87' lang='lat' dir='ltr'>alis:</span> 
     </span>
     <span class='ocr_line' id='line_1_36' title="bbox 162 2209 1157 2267; baseline -0.005 -12"><span class='ocrx_word' id='word_1_235' title='bbox 162 2215 222 2255; x_wconf 87' lang='lat' dir='ltr'>Nil</span> <span class='ocrx_word' id='word_1_236' title='bbox 253 2216 398 2267; x_wconf 88' lang='lat' dir='ltr'>poterit</span> <span class='ocrx_word' id='word_1_237' title='bbox 428 2213 524 2253; x_wconf 88' lang='lat' dir='ltr'>luno</span> <span class='ocrx_word' id='word_1_238' title='bbox 556 2214 632 2252; x_wconf 90' lang='lat' dir='ltr'>nisi</span> <span class='ocrx_word' id='word_1_239' title='bbox 663 2212 808 2252; x_wconf 87' lang='lat' dir='ltr'>inultos</span> <span class='ocrx_word' id='word_1_240' title='bbox 840 2212 935 2251; x_wconf 83' lang='lat' dir='ltr'>llere</span> <span class='ocrx_word' id='word_1_241' title='bbox 966 2209 1157 2251; x_wconf 78' lang='lat' dir='ltr'>dolores?</span> 
     </span>
     <span class='ocr_line' id='line_1_37' title="bbox 160 2265 1381 2325; baseline -0.006 -12"><span class='ocrx_word' id='word_1_242' title='bbox 160 2274 281 2325; x_wconf 90' lang='lat' dir='ltr'>ldque</span> <span class='ocrx_word' id='word_1_243' title='bbox 313 2273 407 2312; x_wconf 92' lang='lat' dir='ltr'>mihi</span> <span class='ocrx_word' id='word_1_244' title='bbox 438 2274 531 2312; x_wconf 87' lang='lat' dir='ltr'>satis</span> <span class='ocrx_word' id='word_1_245' title='bbox 564 2268 663 2311; x_wconf 79' lang='lat' dir='ltr'>est?</span> <span class='ocrx_word' id='word_1_246' title='bbox 693 2271 789 2310; x_wconf 89' lang='lat' dir='ltr'>haec</span> <span class='ocrx_word' id='word_1_247' title='bbox 820 2282 897 2310; x_wconf 93' lang='lat' dir='ltr'>una</span> <span class='ocrx_word' id='word_1_248' title='bbox 927 2271 1100 2322; x_wconf 89' lang='lat' dir='ltr'>potentia</span> <span class='ocrx_word' id='word_1_249' title='bbox 1123 2274 1256 2308; x_wconf 85' lang='lat' dir='ltr'>nostra</span> <span class='ocrx_word' id='word_1_250' title='bbox 1287 2274 1343 2306; x_wconf 83' lang='lat' dir='ltr'>est</span> <span class='ocrx_word' id='word_1_251' title='bbox 1361 2265 1381 2306; x_wconf 66' lang='grc' dir='ltr'>*Ρ</span> 
     </span>
     <span class='ocr_line' id='line_1_38' title="bbox 161 2327 1380 2384; baseline -0.007 -13"><span class='ocrx_word' id='word_1_252' title='bbox 161 2333 246 2384; x_wconf 87' lang='lat' dir='ltr'>lpse</span> <span class='ocrx_word' id='word_1_253' title='bbox 278 2331 423 2384; x_wconf 85' lang='lat' dir='ltr'>docet,</span> <span class='ocrx_word' id='word_1_254' title='bbox 453 2329 546 2382; x_wconf 85' lang='lat' dir='ltr'>quid</span> <span class='ocrx_word' id='word_1_255' title='bbox 579 2341 717 2381; x_wconf 89' lang='lat' dir='ltr'>agam:</span> <span class='ocrx_word' id='word_1_256' title='bbox 749 2329 805 2368; x_wconf 82' lang='lat' dir='ltr'>sas</span> <span class='ocrx_word' id='word_1_257' title='bbox 837 2334 898 2368; x_wconf 78' lang='lat' dir='ltr'>est</span> <span class='ocrx_word' id='word_1_258' title='bbox 927 2334 968 2367; x_wconf 82' lang='lat' dir='ltr'>et</span> <span class='ocrx_word' id='word_1_259' title='bbox 999 2328 1047 2366; x_wconf 93' lang='lat' dir='ltr'>ab</span> <span class='ocrx_word' id='word_1_260' title='bbox 1079 2327 1190 2366; x_wconf 84' lang='lat' dir='ltr'>hoste</span> <span class='ocrx_word' id='word_1_261' title='bbox 1224 2327 1380 2365; x_wconf 86' lang='lat' dir='ltr'>doceri:</span> 
     </span>
    </p>
   </div>
  </div>
 </body>
</html>
