<?xml version="1.0" encoding="UTF-8"?>
<!DOCTYPE html PUBLIC "-//W3C//DTD XHTML 1.0 Transitional//EN"
    "http://www.w3.org/TR/xhtml1/DTD/xhtml1-transitional.dtd">
<html xmlns="http://www.w3.org/1999/xhtml" xml:lang="en" lang="en">
 <head>
  <title>
</title>
<meta http-equiv="Content-Type" content="text/html;charset=utf-8" />
  <meta name='ocr-system' content='tesseract 3.04.00' />
  <meta name='ocr-capabilities' content='ocr_page ocr_carea ocr_par ocr_line ocrx_word'/>
</head>
<body>
  <div class='ocr_page' id='page_1' title='image "./ovidopera02oviduoft_0270.png"; bbox 0 0 1538 2496; ppageno 0'>
   <div class='ocr_carea' id='block_1_1' title="bbox 106 91 891 137">
    <p class='ocr_par' dir='ltr' id='par_1_1' title="bbox 106 91 891 137">
     <span class='ocr_line' id='line_1_1' title="bbox 106 91 891 137; baseline -0.014 0"><span class='ocrx_word' id='word_1_1' title='bbox 106 95 160 137; x_wconf 82' lang='lat'><strong>21</strong></span> <span class='ocrx_word' id='word_1_2' title='bbox 168 95 192 136; x_wconf 84' lang='grc'>8</span> <span class='ocrx_word' id='word_1_3' title='bbox 350 107 502 130; x_wconf 71' lang='lat' dir='ltr'><strong>onrusscs</strong></span> <span class='ocrx_word' id='word_1_4' title='bbox 657 91 869 127; x_wconf 82' lang='lat' dir='ltr'>METAMM</span> <span class='ocrx_word' id='word_1_5' title='bbox 884 119 891 126; x_wconf 90' lang='lat'><strong>.</strong></span> 
     </span>
    </p>
   </div>
   <div class='ocr_carea' id='block_1_2' title="bbox 153 200 1462 2359">
    <p class='ocr_par' dir='ltr' id='par_1_2' title="bbox 161 200 1462 489">
     <span class='ocr_line' id='line_1_2' title="bbox 161 200 1148 255; baseline -0.004 -11"><span class='ocrx_word' id='word_1_6' title='bbox 161 212 204 244; x_wconf 86' lang='lat'><strong>55</strong></span> <span class='ocrx_word' id='word_1_7' title='bbox 225 205 274 244; x_wconf 88' lang='lat' dir='ltr'><strong>Et</strong></span> <span class='ocrx_word' id='word_1_8' title='bbox 306 204 595 255; x_wconf 69' lang='lat' dir='ltr'><strong>Methymnaeae</strong></span> <span class='ocrx_word' id='word_1_9' title='bbox 627 203 833 253; x_wconf 87' lang='lat' dir='ltr'><strong>potiuntur</strong></span> <span class='ocrx_word' id='word_1_10' title='bbox 864 201 978 241; x_wconf 86' lang='lat' dir='ltr'><strong>litore</strong></span> <span class='ocrx_word' id='word_1_11' title='bbox 1010 200 1148 241; x_wconf 89' lang='lat' dir='ltr'><strong>Lesbi.</strong></span> 
     </span>
     <span class='ocr_line' id='line_1_3' title="bbox 222 259 1294 313; baseline -0.004 -10"><span class='ocrx_word' id='word_1_12' title='bbox 222 264 294 302; x_wconf 90' lang='lat' dir='ltr'><strong>Hic</strong></span> <span class='ocrx_word' id='word_1_13' title='bbox 326 263 434 302; x_wconf 67' lang='lat' dir='ltr'><strong>ferus</strong></span> <span class='ocrx_word' id='word_1_14' title='bbox 467 262 686 313; x_wconf 87' lang='lat' dir='ltr'><strong>expositum</strong></span> <span class='ocrx_word' id='word_1_15' title='bbox 718 261 937 311; x_wconf 81' lang='lat' dir='ltr'>peregrinis</span> <span class='ocrx_word' id='word_1_16' title='bbox 969 261 1106 312; x_wconf 82' lang='lat' dir='ltr'>anguis</span> <span class='ocrx_word' id='word_1_17' title='bbox 1137 259 1294 299; x_wconf 82' lang='lat' dir='ltr'>harenis</span> 
     </span>
     <span class='ocr_line' id='line_1_4' title="bbox 224 318 1193 373; baseline -0.003 -12"><span class='ocrx_word' id='word_1_18' title='bbox 224 321 275 361; x_wconf 92' lang='lat' dir='ltr'><strong>Os</strong></span> <span class='ocrx_word' id='word_1_19' title='bbox 307 323 406 373; x_wconf 90' lang='lat' dir='ltr'><strong>petit</strong></span> <span class='ocrx_word' id='word_1_20' title='bbox 437 325 476 359; x_wconf 92' lang='lat' dir='ltr'><strong>et</strong></span> <span class='ocrx_word' id='word_1_21' title='bbox 507 331 663 371; x_wconf 89' lang='lat' dir='ltr'><strong>sparsos</strong></span> <span class='ocrx_word' id='word_1_22' title='bbox 695 318 858 357; x_wconf 77' lang='lat' dir='ltr'>stillanti</span> <span class='ocrx_word' id='word_1_23' title='bbox 888 331 978 358; x_wconf 86' lang='lat' dir='ltr'><strong>rore</strong></span> <span class='ocrx_word' id='word_1_24' title='bbox 1011 318 1193 370; x_wconf 84' lang='lat' dir='ltr'><strong>capillos.</strong></span> 
     </span>
     <span class='ocr_line' id='line_1_5' title="bbox 222 377 1443 430; baseline -0.002 -11"><span class='ocrx_word' id='word_1_25' title='bbox 222 380 393 419; x_wconf 83' lang='lat' dir='ltr'>Tandem</span> <span class='ocrx_word' id='word_1_26' title='bbox 420 377 602 417; x_wconf 89' lang='lat' dir='ltr'><strong>Phoebus</strong></span> <span class='ocrx_word' id='word_1_27' title='bbox 629 377 765 430; x_wconf 89' lang='lat' dir='ltr'><strong>adest,</strong></span> <span class='ocrx_word' id='word_1_28' title='bbox 797 389 1032 429; x_wconf 89' lang='lat' dir='ltr'><strong>morsusque</strong></span> <span class='ocrx_word' id='word_1_29' title='bbox 1063 377 1211 417; x_wconf 79' lang='lat' dir='ltr'><strong>inferre</strong></span> <span class='ocrx_word' id='word_1_30' title='bbox 1241 382 1443 429; x_wconf 88' lang='lat' dir='ltr'><strong>parantem</strong></span> 
     </span>
     <span class='ocr_line' id='line_1_6' title="bbox 222 435 1462 489; baseline -0.002 -12"><span class='ocrx_word' id='word_1_31' title='bbox 222 440 365 489; x_wconf 70' lang='lat' dir='ltr'><strong>Amet,</strong></span> <span class='ocrx_word' id='word_1_32' title='bbox 399 442 437 476; x_wconf 91' lang='lat' dir='ltr'><strong>et</strong></span> <span class='ocrx_word' id='word_1_33' title='bbox 467 438 508 475; x_wconf 92' lang='lat' dir='ltr'><strong>in</strong></span> <span class='ocrx_word' id='word_1_34' title='bbox 538 435 706 488; x_wconf 81' lang='lat' dir='ltr'>lapidem</span> <span class='ocrx_word' id='word_1_35' title='bbox 738 437 862 475; x_wconf 88' lang='lat' dir='ltr'><strong>rictus</strong></span> <span class='ocrx_word' id='word_1_36' title='bbox 894 437 1089 488; x_wconf 89' lang='lat' dir='ltr'><strong>serpentis</strong></span> <span class='ocrx_word' id='word_1_37' title='bbox 1122 441 1279 488; x_wconf 88' lang='lat' dir='ltr'><strong>apertos</strong></span> <span class='ocrx_word' id='word_1_38' title='bbox 1296 443 1323 470; x_wconf 71' lang='lat' dir='ltr'><strong>t.</strong></span> <span class='ocrx_word' id='word_1_39' title='bbox 1343 443 1462 485; x_wconf 38' lang='lat' dir='ltr'><strong>clviii..</strong></span> 
     </span>
    </p>

    <p class='ocr_par' dir='ltr' id='par_1_3' title="bbox 158 494 1393 780">
     <span class='ocr_line' id='line_1_7' title="bbox 158 494 1313 548; baseline -0.003 -12"><span class='ocrx_word' id='word_1_40' title='bbox 158 505 202 536; x_wconf 89' lang='lat'><strong>60</strong></span> <span class='ocrx_word' id='word_1_41' title='bbox 224 495 410 547; x_wconf 86' lang='lat' dir='ltr'><strong>Congelat</strong></span> <span class='ocrx_word' id='word_1_42' title='bbox 442 500 481 534; x_wconf 90' lang='lat' dir='ltr'><strong>et</strong></span> <span class='ocrx_word' id='word_1_43' title='bbox 510 494 694 548; x_wconf 83' lang='lat' dir='ltr'><strong>patulos,</strong></span> <span class='ocrx_word' id='word_1_44' title='bbox 726 500 770 534; x_wconf 92' lang='lat' dir='ltr'><strong>ut</strong></span> <span class='ocrx_word' id='word_1_45' title='bbox 801 500 941 547; x_wconf 85' lang='lat' dir='ltr'><strong>erant,</strong></span> <span class='ocrx_word' id='word_1_46' title='bbox 973 494 1132 534; x_wconf 89' lang='lat' dir='ltr'><strong>indurat</strong></span> <span class='ocrx_word' id='word_1_47' title='bbox 1162 494 1313 534; x_wconf 85' lang='lat' dir='ltr'><strong>hiatus.</strong></span> 
     </span>
     <span class='ocr_line' id='line_1_8' title="bbox 221 552 1331 606; baseline -0.001 -13"><span class='ocrx_word' id='word_1_48' title='bbox 221 554 365 594; x_wconf 86' lang='lat' dir='ltr'><strong>Umbra</strong></span> <span class='ocrx_word' id='word_1_49' title='bbox 397 552 503 592; x_wconf 88' lang='lat' dir='ltr'>subit</span> <span class='ocrx_word' id='word_1_50' title='bbox 533 559 688 606; x_wconf 89' lang='lat' dir='ltr'><strong>terras,</strong></span> <span class='ocrx_word' id='word_1_51' title='bbox 721 559 760 593; x_wconf 91' lang='lat' dir='ltr'><strong>et</strong></span> <span class='ocrx_word' id='word_1_52' title='bbox 792 565 890 604; x_wconf 89' lang='lat' dir='ltr'><strong>qnae</strong></span> <span class='ocrx_word' id='word_1_53' title='bbox 922 553 1006 592; x_wconf 89' lang='lat' dir='ltr'><strong>loca</strong></span> <span class='ocrx_word' id='word_1_54' title='bbox 1038 552 1187 592; x_wconf 87' lang='lat' dir='ltr'><strong>viderat</strong></span> <span class='ocrx_word' id='word_1_55' title='bbox 1218 558 1331 606; x_wconf 87' lang='lat' dir='ltr'><strong>ante,</strong></span> 
     </span>
     <span class='ocr_line' id='line_1_9' title="bbox 222 612 1393 664; baseline -0.002 -12"><span class='ocrx_word' id='word_1_56' title='bbox 222 613 370 652; x_wconf 88' lang='lat' dir='ltr'><strong>Cuncta</strong></span> <span class='ocrx_word' id='word_1_57' title='bbox 400 613 676 664; x_wconf 87' lang='lat' dir='ltr'><strong>recognosci-t:</strong></span> <span class='ocrx_word' id='word_1_58' title='bbox 710 624 981 664; x_wconf 73' lang='lat' dir='ltr'><strong>quaerensque</strong></span> <span class='ocrx_word' id='word_1_59' title='bbox 1014 623 1085 663; x_wconf 90' lang='lat' dir='ltr'><strong>per</strong></span> <span class='ocrx_word' id='word_1_60' title='bbox 1116 623 1206 650; x_wconf 87' lang='lat' dir='ltr'><strong>arva</strong></span> <span class='ocrx_word' id='word_1_61' title='bbox 1236 612 1393 663; x_wconf 91' lang='lat' dir='ltr'><strong>piorum</strong></span> 
     </span>
     <span class='ocr_line' id='line_1_10' title="bbox 220 669 1360 724; baseline -0.002 -14"><span class='ocrx_word' id='word_1_62' title='bbox 220 671 373 710; x_wconf 82' lang='lat' dir='ltr'><strong>Invenit</strong></span> <span class='ocrx_word' id='word_1_63' title='bbox 403 669 657 724; x_wconf 82' lang='lat' dir='ltr'><strong>Eurydicen,</strong></span> <span class='ocrx_word' id='word_1_64' title='bbox 689 670 922 722; x_wconf 85' lang='lat' dir='ltr'><strong>cupidisque</strong></span> <span class='ocrx_word' id='word_1_65' title='bbox 953 670 1202 721; x_wconf 87' lang='lat' dir='ltr'><strong>amplectitur</strong></span> <span class='ocrx_word' id='word_1_66' title='bbox 1233 669 1360 708; x_wconf 90' lang='lat' dir='ltr'><strong>ulnis.</strong></span> 
     </span>
     <span class='ocr_line' id='line_1_11' title="bbox 219 727 1326 780; baseline -0.002 -12"><span class='ocrx_word' id='word_1_67' title='bbox 219 729 291 768; x_wconf 92' lang='lat' dir='ltr'><strong>Hic</strong></span> <span class='ocrx_word' id='word_1_68' title='bbox 323 728 439 769; x_wconf 89' lang='lat' dir='ltr'><strong>modo</strong></span> <span class='ocrx_word' id='word_1_69' title='bbox 471 730 692 769; x_wconf 88' lang='lat' dir='ltr'><strong>coniunctis</strong></span> <span class='ocrx_word' id='word_1_70' title='bbox 724 730 943 780; x_wconf 84' lang='lat' dir='ltr'><strong>spatiantur</strong></span> <span class='ocrx_word' id='word_1_71' title='bbox 976 727 1157 780; x_wconf 90' lang='lat' dir='ltr'><strong>passibus</strong></span> <span class='ocrx_word' id='word_1_72' title='bbox 1190 727 1326 780; x_wconf 78' lang='lat' dir='ltr'><strong>ambo,</strong></span> 
     </span>
    </p>

    <p class='ocr_par' dir='ltr' id='par_1_4' title="bbox 155 787 1432 898">
     <span class='ocr_line' id='line_1_12' title="bbox 155 787 1432 840; baseline 0 -15"><span class='ocrx_word' id='word_1_73' title='bbox 155 794 199 826; x_wconf 82' lang='lat'><strong>65</strong></span> <span class='ocrx_word' id='word_1_74' title='bbox 220 788 332 827; x_wconf 80' lang='lat' dir='ltr'><strong>Nunc</strong></span> <span class='ocrx_word' id='word_1_75' title='bbox 363 788 666 840; x_wconf 82' lang='lat' dir='ltr'><strong>praecedentem</strong></span> <span class='ocrx_word' id='word_1_76' title='bbox 698 789 878 838; x_wconf 89' lang='lat' dir='ltr'><strong>sequitur</strong></span> <span class='ocrx_word' id='word_1_77' title='bbox 895 819 906 840; x_wconf 83' lang='lat'><em>,</em></span> <span class='ocrx_word' id='word_1_78' title='bbox 938 799 1044 826; x_wconf 92' lang='lat' dir='ltr'><strong>nunc</strong></span> <span class='ocrx_word' id='word_1_79' title='bbox 1074 788 1255 838; x_wconf 88' lang='lat' dir='ltr'><strong>praevius</strong></span> <span class='ocrx_word' id='word_1_80' title='bbox 1287 787 1432 839; x_wconf 84' lang='lat' dir='ltr'><strong>anteit,</strong></span> 
     </span>
     <span class='ocr_line' id='line_1_13' title="bbox 219 844 1319 898; baseline -0.003 -12"><span class='ocrx_word' id='word_1_81' title='bbox 219 846 521 898; x_wconf 75' lang='lat' dir='ltr'><strong>Eurydicenque</strong></span> <span class='ocrx_word' id='word_1_82' title='bbox 554 858 664 885; x_wconf 89' lang='lat' dir='ltr'><strong>suam</strong></span> <span class='ocrx_word' id='word_1_83' title='bbox 695 847 772 884; x_wconf 88' lang='lat' dir='ltr'><strong>iam</strong></span> <span class='ocrx_word' id='word_1_84' title='bbox 803 851 887 885; x_wconf 93' lang='lat' dir='ltr'><strong>tuto</strong></span> <span class='ocrx_word' id='word_1_85' title='bbox 920 846 1082 897; x_wconf 87' lang='lat' dir='ltr'><strong>respicit</strong></span> <span class='ocrx_word' id='word_1_86' title='bbox 1113 844 1319 896; x_wconf 87' lang='lat' dir='ltr'><strong>Orpheus.</strong></span> 
     </span>
    </p>

    <p class='ocr_par' dir='ltr' id='par_1_5' title="bbox 218 902 1420 1073">
     <span class='ocr_line' id='line_1_14' title="bbox 278 902 1420 956; baseline -0.002 -12"><span class='ocrx_word' id='word_1_87' title='bbox 278 905 364 944; x_wconf 91' lang='lat' dir='ltr'><strong>Non</strong></span> <span class='ocrx_word' id='word_1_88' title='bbox 395 907 542 956; x_wconf 87' lang='lat' dir='ltr'><strong>inpune</strong></span> <span class='ocrx_word' id='word_1_89' title='bbox 575 910 705 944; x_wconf 89' lang='lat' dir='ltr'><strong>tamen</strong></span> <span class='ocrx_word' id='word_1_90' title='bbox 737 904 865 943; x_wconf 87' lang='lat' dir='ltr'><strong>scelus</strong></span> <span class='ocrx_word' id='word_1_91' title='bbox 896 904 972 943; x_wconf 89' lang='lat' dir='ltr'><strong>hoc</strong></span> <span class='ocrx_word' id='word_1_92' title='bbox 1003 905 1096 942; x_wconf 91' lang='lat' dir='ltr'><strong>sinit</strong></span> <span class='ocrx_word' id='word_1_93' title='bbox 1126 914 1213 942; x_wconf 90' lang='lat' dir='ltr'><strong>esse</strong></span> <span class='ocrx_word' id='word_1_94' title='bbox 1245 902 1420 955; x_wconf 87' lang='lat' dir='ltr'><strong>Lyaeus:</strong></span> 
     </span>
     <span class='ocr_line' id='line_1_15' title="bbox 218 963 1190 1015; baseline -0.002 -13"><span class='ocrx_word' id='word_1_95' title='bbox 218 964 450 1015; x_wconf 77' lang='lat' dir='ltr'><strong>Amissoque</strong></span> <span class='ocrx_word' id='word_1_96' title='bbox 484 963 619 1002; x_wconf 92' lang='lat' dir='ltr'><strong>dolens</strong></span> <span class='ocrx_word' id='word_1_97' title='bbox 652 974 855 1002; x_wconf 88' lang='lat' dir='ltr'><strong>sacrorum</strong></span> <span class='ocrx_word' id='word_1_98' title='bbox 887 968 973 1001; x_wconf 90' lang='lat' dir='ltr'><strong>vate</strong></span> <span class='ocrx_word' id='word_1_99' title='bbox 1005 973 1190 1014; x_wconf 85' lang='lat' dir='ltr'><strong>suorum,</strong></span> 
     </span>
     <span class='ocr_line' id='line_1_16' title="bbox 219 1020 1214 1073; baseline -0.003 -12"><span class='ocrx_word' id='word_1_100' title='bbox 219 1022 408 1062; x_wconf 89' lang='lat' dir='ltr'><strong>Protinus</strong></span> <span class='ocrx_word' id='word_1_101' title='bbox 439 1024 479 1061; x_wconf 90' lang='lat' dir='ltr'><strong>in</strong></span> <span class='ocrx_word' id='word_1_102' title='bbox 513 1022 618 1060; x_wconf 77' lang='lat' dir='ltr'><strong>silvis</strong></span> <span class='ocrx_word' id='word_1_103' title='bbox 650 1027 794 1060; x_wconf 88' lang='lat' dir='ltr'><strong>matres</strong></span> <span class='ocrx_word' id='word_1_104' title='bbox 827 1020 1022 1060; x_wconf 88' lang='lat' dir='ltr'><strong>Edonidas</strong></span> <span class='ocrx_word' id='word_1_105' title='bbox 1055 1032 1214 1073; x_wconf 85' lang='lat' dir='ltr'><strong>omnes,</strong></span> 
     </span>
    </p>

    <p class='ocr_par' dir='ltr' id='par_1_6' title="bbox 156 1079 1443 1366">
     <span class='ocr_line' id='line_1_17' title="bbox 156 1079 1442 1132; baseline -0.002 -13"><span class='ocrx_word' id='word_1_106' title='bbox 156 1087 199 1120; x_wconf 76' lang='lat'><strong>70</strong></span> <span class='ocrx_word' id='word_1_107' title='bbox 221 1080 326 1127; x_wconf 88' lang='lat' dir='ltr'><strong>Quae</strong></span> <span class='ocrx_word' id='word_1_108' title='bbox 360 1080 490 1120; x_wconf 86' lang='lat' dir='ltr'><strong>videre</strong></span> <span class='ocrx_word' id='word_1_109' title='bbox 524 1081 633 1119; x_wconf 84' lang='lat' dir='ltr'><strong>nefas</strong></span> <span class='ocrx_word' id='word_1_110' title='bbox 651 1112 662 1132; x_wconf 90' lang='lat'><strong><em>,</em></strong></span> <span class='ocrx_word' id='word_1_111' title='bbox 692 1085 796 1120; x_wconf 88' lang='lat' dir='ltr'><strong>torta</strong></span> <span class='ocrx_word' id='word_1_112' title='bbox 827 1079 958 1118; x_wconf 86' lang='lat' dir='ltr'><strong>radice</strong></span> <span class='ocrx_word' id='word_1_113' title='bbox 989 1079 1142 1130; x_wconf 84' lang='lat' dir='ltr'><strong>ligavit.</strong></span> <span class='ocrx_word' id='word_1_114' title='bbox 1317 1086 1346 1113; x_wconf 73' lang='lat' dir='ltr'><strong>r·</strong></span> <span class='ocrx_word' id='word_1_115' title='bbox 1365 1086 1442 1112; x_wconf 75' lang='lat' dir='ltr'><strong>clix-</strong></span> 
     </span>
     <span class='ocr_line' id='line_1_18' title="bbox 221 1139 1443 1191; baseline -0.002 -13"><span class='ocrx_word' id='word_1_116' title='bbox 221 1139 393 1191; x_wconf 90' lang='lat' dir='ltr'><strong>[Quippe</strong></span> <span class='ocrx_word' id='word_1_117' title='bbox 413 1139 558 1191; x_wconf 89' lang='lat' dir='ltr'><strong>pedum</strong></span> <span class='ocrx_word' id='word_1_118' title='bbox 573 1139 714 1190; x_wconf 86' lang='lat' dir='ltr'><strong>digitos</strong></span> <span class='ocrx_word' id='word_1_119' title='bbox 726 1170 738 1191; x_wconf 88' lang='lat'><em>,</em></span> <span class='ocrx_word' id='word_1_120' title='bbox 757 1140 798 1177; x_wconf 93' lang='lat' dir='ltr'><strong>in</strong></span> <span class='ocrx_word' id='word_1_121' title='bbox 818 1143 1007 1188; x_wconf 88' lang='lat' dir='ltr'><strong>quantum</strong></span> <span class='ocrx_word' id='word_1_122' title='bbox 1022 1149 1200 1188; x_wconf 89' lang='lat' dir='ltr'><strong>quaeque</strong></span> <span class='ocrx_word' id='word_1_123' title='bbox 1215 1141 1350 1176; x_wconf 90' lang='lat' dir='ltr'><strong>secuta</strong></span> <span class='ocrx_word' id='word_1_124' title='bbox 1364 1142 1443 1190; x_wconf 82' lang='lat' dir='ltr'><strong>est,</strong></span> 
     </span>
     <span class='ocr_line' id='line_1_19' title="bbox 219 1196 1331 1250; baseline -0.002 -14"><span class='ocrx_word' id='word_1_125' title='bbox 219 1198 381 1250; x_wconf 80' lang='lat' dir='ltr'><strong>Traxit,</strong></span> <span class='ocrx_word' id='word_1_126' title='bbox 416 1203 456 1236; x_wconf 90' lang='lat' dir='ltr'><strong>et</strong></span> <span class='ocrx_word' id='word_1_127' title='bbox 485 1199 525 1236; x_wconf 92' lang='lat' dir='ltr'><strong>in</strong></span> <span class='ocrx_word' id='word_1_128' title='bbox 559 1197 721 1237; x_wconf 90' lang='lat' dir='ltr'><strong>solidam</strong></span> <span class='ocrx_word' id='word_1_129' title='bbox 753 1196 922 1235; x_wconf 90' lang='lat' dir='ltr'><strong>detrusit</strong></span> <span class='ocrx_word' id='word_1_130' title='bbox 953 1197 1131 1235; x_wconf 86' lang='lat' dir='ltr'><strong>acumine</strong></span> <span class='ocrx_word' id='word_1_131' title='bbox 1163 1201 1331 1234; x_wconf 88' lang='lat' dir='ltr'><strong>terram.</strong></span> 
     </span>
     <span class='ocr_line' id='line_1_20' title="bbox 218 1253 1407 1309; baseline -0.003 -14"><span class='ocrx_word' id='word_1_132' title='bbox 218 1256 346 1307; x_wconf 88' lang='lat' dir='ltr'><strong>thue</strong></span> <span class='ocrx_word' id='word_1_133' title='bbox 380 1268 495 1295; x_wconf 89' lang='lat' dir='ltr'><strong>suum</strong></span> <span class='ocrx_word' id='word_1_134' title='bbox 526 1255 705 1309; x_wconf 84' lang='lat' dir='ltr'><strong>laqueis,</strong></span> <span class='ocrx_word' id='word_1_135' title='bbox 738 1267 836 1306; x_wconf 86' lang='lat' dir='ltr'><strong>quos</strong></span> <span class='ocrx_word' id='word_1_136' title='bbox 869 1254 1030 1294; x_wconf 87' lang='lat' dir='ltr'><strong>callidus</strong></span> <span class='ocrx_word' id='word_1_137' title='bbox 1063 1253 1209 1292; x_wconf 88' lang='lat' dir='ltr'><strong>abdidit</strong></span> <span class='ocrx_word' id='word_1_138' title='bbox 1240 1266 1407 1306; x_wconf 85' lang='lat' dir='ltr'><strong>auceps,</strong></span> 
     </span>
     <span class='ocr_line' id='line_1_21' title="bbox 219 1313 1290 1366; baseline -0.002 -13"><span class='ocrx_word' id='word_1_139' title='bbox 219 1315 318 1354; x_wconf 89' lang='lat' dir='ltr'><strong>Crus</strong></span> <span class='ocrx_word' id='word_1_140' title='bbox 350 1314 418 1353; x_wconf 91' lang='lat' dir='ltr'><strong>ubi</strong></span> <span class='ocrx_word' id='word_1_141' title='bbox 451 1316 646 1353; x_wconf 86' lang='lat' dir='ltr'><strong>commisit</strong></span> <span class='ocrx_word' id='word_1_142' title='bbox 676 1313 845 1353; x_wconf 84' lang='lat' dir='ltr'><strong>volucris</strong></span> <span class='ocrx_word' id='word_1_143' title='bbox 864 1344 875 1366; x_wconf 84' lang='lat'><em>,</em></span> <span class='ocrx_word' id='word_1_144' title='bbox 907 1314 1108 1364; x_wconf 88' lang='lat' dir='ltr'><strong>sensitque</strong></span> <span class='ocrx_word' id='word_1_145' title='bbox 1141 1314 1290 1365; x_wconf 89' lang='lat' dir='ltr'><strong>teneri,</strong></span> 
     </span>
    </p>

    <p class='ocr_par' dir='ltr' id='par_1_7' title="bbox 155 1370 1346 1426">
     <span class='ocr_line' id='line_1_22' title="bbox 155 1370 1346 1426; baseline -0.002 -15"><span class='ocrx_word' id='word_1_146' title='bbox 155 1378 198 1411; x_wconf 83' lang='lat'><strong>75</strong></span> <span class='ocrx_word' id='word_1_147' title='bbox 218 1374 420 1424; x_wconf 85' lang='lat' dir='ltr'><strong>Plangitur</strong></span> <span class='ocrx_word' id='word_1_148' title='bbox 438 1404 449 1426; x_wconf 89' lang='lat'><em>‚</em></span> <span class='ocrx_word' id='word_1_149' title='bbox 481 1385 525 1412; x_wconf 89' lang='lat' dir='ltr'><strong>ac</strong></span> <span class='ocrx_word' id='word_1_150' title='bbox 556 1373 756 1424; x_wconf 89' lang='lat' dir='ltr'><strong>trepidans</strong></span> <span class='ocrx_word' id='word_1_151' title='bbox 790 1373 971 1422; x_wconf 84' lang='lat' dir='ltr'><strong>astringit</strong></span> <span class='ocrx_word' id='word_1_152' title='bbox 1000 1370 1154 1410; x_wconf 83' lang='lat' dir='ltr'><strong>vincula</strong></span> <span class='ocrx_word' id='word_1_153' title='bbox 1185 1376 1317 1423; x_wconf 91' lang='lat' dir='ltr'><strong>motu;</strong></span> <span class='ocrx_word' id='word_1_154' title='bbox 1343 1392 1346 1394; x_wconf 93' lang='lat'>·</span> 
     </span>
    </p>

    <p class='ocr_par' dir='ltr' id='par_1_8' title="bbox 153 1428 1443 2359">
     <span class='ocr_line' id='line_1_23' title="bbox 221 1428 1326 1483; baseline -0.003 -13"><span class='ocrx_word' id='word_1_155' title='bbox 221 1432 284 1470; x_wconf 87' lang='lat' dir='ltr'><strong>Sic</strong></span> <span class='ocrx_word' id='word_1_156' title='bbox 303 1463 313 1483; x_wconf 88' lang='lat'><em>,</em></span> <span class='ocrx_word' id='word_1_157' title='bbox 349 1436 393 1470; x_wconf 92' lang='lat' dir='ltr'><strong>ut</strong></span> <span class='ocrx_word' id='word_1_158' title='bbox 425 1443 602 1482; x_wconf 78' lang='lat' dir='ltr'><strong>quaeque</strong></span> <span class='ocrx_word' id='word_1_159' title='bbox 636 1432 717 1470; x_wconf 88' lang='lat' dir='ltr'><strong>solo</strong></span> <span class='ocrx_word' id='word_1_160' title='bbox 750 1430 874 1468; x_wconf 79' lang='lat' dir='ltr'><strong>defixa</strong></span> <span class='ocrx_word' id='word_1_161' title='bbox 906 1430 1134 1468; x_wconf 80' lang='lat' dir='ltr'><strong>cohaeserat</strong></span> <span class='ocrx_word' id='word_1_162' title='bbox 1163 1428 1326 1482; x_wconf 85' lang='lat' dir='ltr'><strong>harum,</strong></span> 
     </span>
     <span class='ocr_line' id='line_1_24' title="bbox 218 1487 1273 1540; baseline -0.003 -12"><span class='ocrx_word' id='word_1_163' title='bbox 218 1490 451 1528; x_wconf 84' lang='lat' dir='ltr'><strong>Exsternata</strong></span> <span class='ocrx_word' id='word_1_164' title='bbox 484 1490 615 1540; x_wconf 86' lang='lat' dir='ltr'><strong>fugam</strong></span> <span class='ocrx_word' id='word_1_165' title='bbox 647 1490 794 1528; x_wconf 82' lang='lat' dir='ltr'><strong>frustra</strong></span> <span class='ocrx_word' id='word_1_166' title='bbox 826 1487 1068 1539; x_wconf 86' lang='lat' dir='ltr'><strong>temptabat:</strong></span> <span class='ocrx_word' id='word_1_167' title='bbox 1100 1493 1138 1527; x_wconf 89' lang='lat' dir='ltr'><strong>at</strong></span> <span class='ocrx_word' id='word_1_168' title='bbox 1169 1487 1273 1526; x_wconf 88' lang='lat' dir='ltr'><strong>illam</strong></span> 
     </span>
     <span class='ocr_line' id='line_1_25' title="bbox 217 1547 1231 1600; baseline -0.003 -13"><span class='ocrx_word' id='word_1_169' title='bbox 217 1548 339 1587; x_wconf 88' lang='lat' dir='ltr'><strong>Lenta</strong></span> <span class='ocrx_word' id='word_1_170' title='bbox 370 1553 479 1587; x_wconf 90' lang='lat' dir='ltr'><strong>tenet</strong></span> <span class='ocrx_word' id='word_1_171' title='bbox 510 1548 648 1600; x_wconf 85' lang='lat' dir='ltr'><strong>radix,</strong></span> <span class='ocrx_word' id='word_1_172' title='bbox 681 1547 1019 1597; x_wconf 79' lang='lat' dir='ltr'><strong>exsultantemque</strong></span> <span class='ocrx_word' id='word_1_173' title='bbox 1052 1551 1231 1585; x_wconf 88' lang='lat' dir='ltr'><strong>coercet.</strong></span> 
     </span>
     <span class='ocr_line' id='line_1_26' title="bbox 217 1604 1360 1659; baseline -0.003 -14"><span class='ocrx_word' id='word_1_174' title='bbox 217 1607 396 1658; x_wconf 84' lang='lat' dir='ltr'><strong>Dumque</strong></span> <span class='ocrx_word' id='word_1_175' title='bbox 428 1606 497 1645; x_wconf 88' lang='lat' dir='ltr'><strong>ubi</strong></span> <span class='ocrx_word' id='word_1_176' title='bbox 529 1608 608 1646; x_wconf 90' lang='lat' dir='ltr'><strong>sint</strong></span> <span class='ocrx_word' id='word_1_177' title='bbox 639 1606 777 1659; x_wconf 80' lang='lat' dir='ltr'><strong>digiti,</strong></span> <span class='ocrx_word' id='word_1_178' title='bbox 817 1604 909 1643; x_wconf 87' lang='lat' dir='ltr'><strong>dnm</strong></span> <span class='ocrx_word' id='word_1_179' title='bbox 947 1617 1017 1656; x_wconf 89' lang='lat' dir='ltr'><strong>pes</strong></span> <span class='ocrx_word' id='word_1_180' title='bbox 1048 1604 1116 1643; x_wconf 87' lang='lat' dir='ltr'><strong>nbi</strong></span> <span class='ocrx_word' id='word_1_181' title='bbox 1133 1635 1145 1657; x_wconf 86' lang='lat'><em>‚</em></span> <span class='ocrx_word' id='word_1_182' title='bbox 1184 1605 1360 1656; x_wconf 85' lang='lat' dir='ltr'><strong>quaerit,</strong></span> 
     </span>
     <span class='ocr_line' id='line_1_27' title="bbox 1198 1669 1442 1715; baseline 0 -14"><span class='ocrx_word' id='word_1_183' title='bbox 1198 1669 1238 1702; x_wconf 90' lang='lat' dir='ltr'><strong>et</strong></span> <span class='ocrx_word' id='word_1_184' title='bbox 1268 1674 1442 1715; x_wconf 87' lang='lat' dir='ltr'><strong>ungues,</strong></span> 
     </span>
     <span class='ocr_line' id='line_1_28' title="bbox 153 1721 1209 1775; baseline -0.003 -12"><span class='ocrx_word' id='word_1_185' title='bbox 153 1733 198 1764; x_wconf 86' lang='lat'><strong>80</strong></span> <span class='ocrx_word' id='word_1_186' title='bbox 219 1725 367 1775; x_wconf 86' lang='lat' dir='ltr'><strong>Aspicit</strong></span> <span class='ocrx_word' id='word_1_187' title='bbox 397 1725 438 1762; x_wconf 91' lang='lat' dir='ltr'><strong>in</strong></span> <span class='ocrx_word' id='word_1_188' title='bbox 470 1728 617 1762; x_wconf 90' lang='lat' dir='ltr'><strong>teretes</strong></span> <span class='ocrx_word' id='word_1_189' title='bbox 647 1721 796 1772; x_wconf 84' lang='lat' dir='ltr'><strong>lignum</strong></span> <span class='ocrx_word' id='word_1_190' title='bbox 829 1722 1043 1761; x_wconf 86' lang='lat' dir='ltr'><strong>succedere</strong></span> <span class='ocrx_word' id='word_1_191' title='bbox 1075 1732 1209 1761; x_wconf 90' lang='lat' dir='ltr'><strong>suras.</strong></span> 
     </span>
     <span class='ocr_line' id='line_1_29' title="bbox 217 1780 1225 1846; baseline -0.002 -25"><span class='ocrx_word' id='word_1_192' title='bbox 217 1783 266 1821; x_wconf 87' lang='lat' dir='ltr'><strong>Et</strong></span> <span class='ocrx_word' id='word_1_193' title='bbox 298 1787 436 1821; x_wconf 84' lang='lat' dir='ltr'><strong>conata</strong></span> <span class='ocrx_word' id='word_1_194' title='bbox 467 1782 596 1820; x_wconf 85' lang='lat' dir='ltr'><strong>femur</strong></span> <span class='ocrx_word' id='word_1_195' title='bbox 627 1782 819 1820; x_wconf 86' lang='lat' dir='ltr'><strong>maerenti</strong></span> <span class='ocrx_word' id='word_1_196' title='bbox 850 1780 1225 1846; x_wconf 54' lang='lat' dir='ltr'><strong>lilangeQextra,</strong></span> 
     </span>
     <span class='ocr_line' id='line_1_30' title="bbox 216 1838 1320 1892; baseline -0.003 -13"><span class='ocrx_word' id='word_1_197' title='bbox 216 1841 372 1879; x_wconf 82' lang='lat' dir='ltr'><strong>Robora</strong></span> <span class='ocrx_word' id='word_1_198' title='bbox 402 1841 628 1892; x_wconf 89' lang='lat' dir='ltr'><strong>percussit.</strong></span> <span class='ocrx_word' id='word_1_199' title='bbox 665 1844 804 1890; x_wconf 89' lang='lat' dir='ltr'><strong>pectus</strong></span> <span class='ocrx_word' id='word_1_200' title='bbox 837 1851 993 1890; x_wconf 85' lang='lat' dir='ltr'><strong>quoque</strong></span> <span class='ocrx_word' id='word_1_201' title='bbox 1025 1838 1168 1877; x_wconf 77' lang='lat' dir='ltr'><strong>robora</strong></span> <span class='ocrx_word' id='word_1_202' title='bbox 1198 1838 1320 1877; x_wconf 87' lang='lat' dir='ltr'><strong>fiunt:</strong></span> 
     </span>
     <span class='ocr_line' id='line_1_31' title="bbox 217 1896 1396 1949; baseline -0.003 -11"><span class='ocrx_word' id='word_1_203' title='bbox 217 1899 372 1938; x_wconf 86' lang='lat' dir='ltr'><strong>Robora</strong></span> <span class='ocrx_word' id='word_1_204' title='bbox 404 1904 496 1938; x_wconf 87' lang='lat' dir='ltr'><strong>sunt</strong></span> <span class='ocrx_word' id='word_1_205' title='bbox 526 1898 682 1938; x_wconf 87' lang='lat' dir='ltr'><strong>umeri:</strong></span> <span class='ocrx_word' id='word_1_206' title='bbox 713 1897 850 1949; x_wconf 86' lang='lat' dir='ltr'><strong>longos</strong></span> <span class='ocrx_word' id='word_1_207' title='bbox 883 1909 1039 1948; x_wconf 89' lang='lat' dir='ltr'><strong>quoque</strong></span> <span class='ocrx_word' id='word_1_208' title='bbox 1070 1896 1252 1936; x_wconf 84' lang='lat' dir='ltr'><strong>bracchia</strong></span> <span class='ocrx_word' id='word_1_209' title='bbox 1282 1907 1396 1935; x_wconf 87' lang='lat' dir='ltr'><strong>veros</strong></span> 
     </span>
     <span class='ocr_line' id='line_1_32' title="bbox 218 1953 1244 2009; baseline -0.003 -13"><span class='ocrx_word' id='word_1_210' title='bbox 218 1957 313 1996; x_wconf 87' lang='lat' dir='ltr'><strong>Esse</strong></span> <span class='ocrx_word' id='word_1_211' title='bbox 345 1963 460 2009; x_wconf 88' lang='lat' dir='ltr'><strong>putes</strong></span> <span class='ocrx_word' id='word_1_212' title='bbox 493 1969 622 1995; x_wconf 90' lang='lat' dir='ltr'><strong>ramos</strong></span> <span class='ocrx_word' id='word_1_213' title='bbox 641 1987 651 2007; x_wconf 84' lang='lat'><strong><em>,</em></strong></span> <span class='ocrx_word' id='word_1_214' title='bbox 684 1961 724 1994; x_wconf 90' lang='lat' dir='ltr'><strong>et</strong></span> <span class='ocrx_word' id='word_1_215' title='bbox 754 1968 833 1994; x_wconf 91' lang='lat' dir='ltr'><strong>non</strong></span> <span class='ocrx_word' id='word_1_216' title='bbox 865 1956 998 1994; x_wconf 86' lang='lat' dir='ltr'><strong>fallare</strong></span> <span class='ocrx_word' id='word_1_217' title='bbox 1028 1955 1201 2007; x_wconf 88' lang='lat' dir='ltr'><strong>putando</strong></span> <span class='ocrx_word' id='word_1_218' title='bbox 1216 1953 1244 2005; x_wconf 91' lang='lat'><strong>.]</strong></span> 
     </span>
     <span class='ocr_line' id='line_1_33' title="bbox 153 2013 1381 2065; baseline -0.002 -11"><span class='ocrx_word' id='word_1_219' title='bbox 153 2023 197 2055; x_wconf 83' lang='lat'><strong>85</strong></span> <span class='ocrx_word' id='word_1_220' title='bbox 277 2014 357 2054; x_wconf 89' lang='lat' dir='ltr'><strong>Nec</strong></span> <span class='ocrx_word' id='word_1_221' title='bbox 390 2017 485 2054; x_wconf 88' lang='lat' dir='ltr'><strong>satis</strong></span> <span class='ocrx_word' id='word_1_222' title='bbox 517 2015 591 2054; x_wconf 89' lang='lat' dir='ltr'><strong>hoc</strong></span> <span class='ocrx_word' id='word_1_223' title='bbox 617 2013 769 2053; x_wconf 91' lang='lat' dir='ltr'><strong>Baccho</strong></span> <span class='ocrx_word' id='word_1_224' title='bbox 796 2019 883 2053; x_wconf 87' lang='lat' dir='ltr'><strong>est.</strong></span> <span class='ocrx_word' id='word_1_225' title='bbox 916 2016 1022 2065; x_wconf 87' lang='lat' dir='ltr'><strong>ipsos</strong></span> <span class='ocrx_word' id='word_1_226' title='bbox 1049 2025 1207 2065; x_wconf 88' lang='lat' dir='ltr'><strong>quoque</strong></span> <span class='ocrx_word' id='word_1_227' title='bbox 1232 2013 1381 2052; x_wconf 89' lang='lat' dir='ltr'><strong>deserit</strong></span> 
     </span>
     <span class='ocr_line' id='line_1_34' title="bbox 1305 2082 1443 2124; baseline -0.007 -14"><span class='ocrx_word' id='word_1_228' title='bbox 1305 2082 1443 2124; x_wconf 86' lang='lat' dir='ltr'><strong>agros,</strong></span> 
     </span>
     <span class='ocr_line' id='line_1_35' title="bbox 219 2130 1167 2182; baseline 0 -12"><span class='ocrx_word' id='word_1_229' title='bbox 219 2131 395 2182; x_wconf 89' lang='lat' dir='ltr'><strong>Cumque</strong></span> <span class='ocrx_word' id='word_1_230' title='bbox 428 2132 546 2171; x_wconf 81' lang='lat' dir='ltr'><strong>choro</strong></span> <span class='ocrx_word' id='word_1_231' title='bbox 580 2132 741 2172; x_wconf 88' lang='lat' dir='ltr'><strong>meliore</strong></span> <span class='ocrx_word' id='word_1_232' title='bbox 774 2133 835 2171; x_wconf 89' lang='lat' dir='ltr'><strong>sui</strong></span> <span class='ocrx_word' id='word_1_233' title='bbox 865 2132 995 2171; x_wconf 89' lang='lat' dir='ltr'><strong>vineta</strong></span> <span class='ocrx_word' id='word_1_234' title='bbox 1025 2130 1167 2170; x_wconf 89' lang='lat' dir='ltr'><strong>Timoli</strong></span> 
     </span>
     <span class='ocr_line' id='line_1_36' title="bbox 217 2188 1249 2243; baseline -0.001 -15"><span class='ocrx_word' id='word_1_235' title='bbox 217 2189 482 2241; x_wconf 89' lang='lat' dir='ltr'><strong>Pactolonque</strong></span> <span class='ocrx_word' id='word_1_236' title='bbox 513 2193 641 2243; x_wconf 81' lang='lat' dir='ltr'><strong>petit3</strong></span> <span class='ocrx_word' id='word_1_237' title='bbox 673 2192 849 2241; x_wconf 87' lang='lat' dir='ltr'><strong>quamvis</strong></span> <span class='ocrx_word' id='word_1_238' title='bbox 881 2202 961 2229; x_wconf 91' lang='lat' dir='ltr'><strong>non</strong></span> <span class='ocrx_word' id='word_1_239' title='bbox 990 2202 1134 2230; x_wconf 89' lang='lat' dir='ltr'><strong>aureus</strong></span> <span class='ocrx_word' id='word_1_240' title='bbox 1165 2188 1249 2240; x_wconf 46' lang='lat' dir='ltr'><strong>illo—</strong></span> 
     </span>
     <span class='ocr_line' id='line_1_37' title="bbox 218 2248 1225 2301; baseline 0.002 -15"><span class='ocrx_word' id='word_1_241' title='bbox 218 2248 410 2301; x_wconf 87' lang='lat' dir='ltr'><strong>Tempore</strong></span> <span class='ocrx_word' id='word_1_242' title='bbox 443 2260 516 2287; x_wconf 88' lang='lat' dir='ltr'><strong>nec</strong></span> <span class='ocrx_word' id='word_1_243' title='bbox 549 2251 649 2288; x_wconf 86' lang='lat' dir='ltr'><strong>caris</strong></span> <span class='ocrx_word' id='word_1_244' title='bbox 683 2254 767 2287; x_wconf 90' lang='lat' dir='ltr'><strong>erat</strong></span> <span class='ocrx_word' id='word_1_245' title='bbox 796 2248 1012 2288; x_wconf 90' lang='lat' dir='ltr'><strong>invidiosus</strong></span> <span class='ocrx_word' id='word_1_246' title='bbox 1043 2248 1225 2288; x_wconf 88' lang='lat' dir='ltr'><strong>harenis.</strong></span> 
     </span>
     <span class='ocr_line' id='line_1_38' title="bbox 217 2305 1431 2359; baseline 0 -14"><span class='ocrx_word' id='word_1_247' title='bbox 217 2305 331 2345; x_wconf 88' lang='lat' dir='ltr'><strong>Hunc</strong></span> <span class='ocrx_word' id='word_1_248' title='bbox 364 2312 518 2346; x_wconf 87' lang='lat' dir='ltr'><strong>assueta</strong></span> <span class='ocrx_word' id='word_1_249' title='bbox 551 2307 692 2345; x_wconf 88' lang='lat' dir='ltr'><strong>cohors</strong></span> <span class='ocrx_word' id='word_1_250' title='bbox 724 2309 844 2358; x_wconf 86' lang='lat' dir='ltr'><strong>satyri</strong></span> <span class='ocrx_word' id='word_1_251' title='bbox 875 2307 1123 2359; x_wconf 88' lang='lat' dir='ltr'><strong>bacchaeque</strong></span> <span class='ocrx_word' id='word_1_252' title='bbox 1154 2307 1431 2358; x_wconf 86' lang='lat' dir='ltr'><strong>frequentant:</strong></span> 
     </span>
    </p>
   </div>
  </div>
 </body>
</html>
