1527 2580
602 143 651 179 IX
666 171 675 188 ,
701 147 886 180 727—797
901 170 909 179 .
1080 157 1173 179 mais
1347 142 1429 184 195

205 254 357 294 Pressit
386 253 433 294 ab
464 254 525 293 his
557 266 720 293 vocem.
759 266 833 294 nec
863 254 990 294 lenius
1022 253 1143 293 altera
1173 255 1281 305 virgo

120 321 186 354 705
206 314 397 364 Aestuat,
434 318 556 364 utque
595 312 700 352 celer
741 314 902 366 venias,
932 312 1184 366 Hymenaee,
1221 317 1429 364 precatur.

207 372 320 418 Quod
350 372 449 424 petit
479 371 574 410 haec
592 403 604 424 ,
635 370 848 411 Telethusa
879 372 1021 411 timens
1054 371 1168 411 modo
1200 376 1378 423 tempora

1276 430 1430 482 differt,

205 489 319 530 Nune
350 489 442 530 ficto
473 488 660 541 languore
692 501 843 529 moram
874 490 1022 543 trahit,
1054 490 1182 529 omina
1214 500 1330 540 saepe

205 548 374 600 Visaque
407 554 619 588 causatur.
659 548 728 588 sed
758 550 836 587 iam
868 554 1166 600 consumpserat
1197 559 1354 588 omnem

205 607 407 647 Materiam
438 608 541 660 ficti,
573 606 766 658 dilataque
800 613 977 659 tempora
1008 607 1142 646 taedae

118 673 186 705 770
206 665 463 718 Institeram,
496 678 678 717 unusque
711 665 794 704 dies
826 665 1027 705 restabat.
1067 671 1106 705 at
1135 665 1200 705 illa

206 723 402 764 Crinalem
433 726 551 776 capiti
582 726 715 764 vittam
746 730 938 775 nataeque
972 724 1125 776 sibique

206 782 413 835 Detrahit,
445 788 484 822 et
514 784 640 834 passis
671 795 776 822 aram
809 783 1010 835 complexa
1042 782 1190 834 capillis

207 839 275 881 ‘isi
292 873 304 895 ‚
334 841 611 881 Paraetonium
636 841 924 893 Mareoticaque
957 854 1047 881 arva
1077 841 1313 892 Pharonque

207 900 315 946 Quae
348 900 444 939 colis
461 931 474 952 ,
506 906 545 939 et
576 905 727 951 septem
759 900 953 952 digestum
983 902 1025 940 in
1057 912 1204 940 cornua
1235 899 1390 939 Nilum:

119 966 186 998 775
206 958 281 998 Fer
293 991 305 1012 ,
329 971 471 1010 precor
483 955 510 1011 ,'
530 960 658 1010 inquit
678 956 808 1010 ‘opem
826 991 838 1011 ‚
863 965 1077 1010 nostroque
1098 959 1257 998 medere
1278 958 1429 997 timori.

206 1017 286 1069 Te,
318 1017 419 1070 dea,
451 1024 489 1057 te
522 1017 719 1068 quondam
750 1023 895 1069 tuaque
927 1018 1023 1057 haec
1053 1019 1224 1069 insignia
1254 1017 1332 1055 vidi

208 1074 455 1128 [Cunctaque
488 1078 681 1129 cognovi,
713 1077 886 1115 sonitum
917 1078 1220 1128 comitantiaque
1252 1074 1359 1125 aera]

208 1134 427 1174 Sistrorum
445 1167 457 1187 ‚
487 1136 731 1186 memorique
764 1137 892 1174 animo
926 1140 992 1175 tua
1023 1137 1129 1175 iussa
1160 1136 1313 1174 notavi.

208 1193 321 1240 Quod
353 1193 458 1232 videt
488 1193 584 1232 haec
615 1193 744 1232 lucem
763 1225 773 1245 ‚
806 1193 911 1244 quod
942 1205 1021 1233 non
1042 1206 1112 1245 ego
1132 1195 1277 1245 punior
1295 1224 1307 1245 ,
1340 1204 1430 1232 ecce

121 1259 188 1291 780
208 1251 425 1291 Consilium
456 1263 678 1303 munusque
712 1257 823 1291 tuum
856 1258 916 1291 est
935 1283 944 1292 .
985 1253 1175 1292 miserere
1208 1252 1397 1303 duarum,

207 1310 440 1362 Auxilioque
471 1312 560 1350 iuva
581 1307 606 1348 .'
642 1310 826 1349 lacrimae
858 1316 952 1350 sunt
983 1310 1101 1350 verba
1132 1316 1313 1350 secutae.

207 1368 296 1408 Visa
327 1369 399 1408 dea
431 1374 492 1408 est
522 1370 690 1408 movisse
722 1381 812 1408 suas
831 1400 843 1422 ,
875 1375 914 1408 et
944 1376 1149 1422 moverat,
1181 1381 1291 1422 aram,

209 1427 259 1466 Et
288 1427 424 1480 templi
456 1433 654 1467 tremuere
686 1427 792 1467 sores
811 1459 823 1480 ‚
853 1429 1082 1479 imitataque
1113 1427 1245 1467 lunam

211 1485 367 1526 Cornua
399 1485 625 1538 fulserunt,
657 1487 889 1538 crepuitque
922 1485 1095 1525 sonabile
1128 1487 1314 1525 sistrum.

121 1551 188 1584 785
207 1544 295 1584 Non
326 1556 466 1584 secura
497 1544 656 1596 quidem
674 1576 685 1597 ‚
718 1545 845 1584 fausto
879 1550 1008 1584 tamen
1041 1546 1170 1584 omine
1201 1544 1302 1583 laeta

207 1603 331 1642 Mater
363 1602 444 1642 abit
473 1603 648 1655 templo.
688 1605 868 1655 sequitur
901 1615 1032 1643 comes
1064 1603 1170 1655 Iphis
1203 1608 1386 1655 euntem,

209 1661 335 1708 Quam
366 1661 478 1701 solita
515 1667 605 1715 est,
635 1663 782 1701 maiore
820 1661 973 1713 gradu:
1003 1674 1077 1701 nec
1116 1661 1262 1701 candor
1292 1663 1333 1700 in
1365 1672 1433 1701 ore

147 1755 161 1767 ,
208 1720 446 1772 Permanet,
478 1726 518 1760 et
547 1722 650 1759 vires
682 1726 875 1772 augentur
894 1752 906 1773 ‚
937 1725 977 1759 et
1007 1721 1134 1759 acrior
1165 1721 1249 1771 ipse
1282 1725 1343 1759 est

209 1777 348 1818 Vultus
366 1810 378 1832 ,
409 1784 450 1818 et
480 1779 689 1830 incomptis
720 1778 878 1818 brevior
910 1790 1094 1818 mensura
1126 1778 1298 1830 capillis:

122 1844 189 1876 790
207 1837 381 1888 Plusque
400 1838 544 1888 vigoris
565 1836 674 1877 adest
691 1869 703 1890 ,
728 1836 865 1876 habuit
884 1849 1001 1888 quam
1020 1838 1165 1876 femina
1185 1867 1193 1876 .
1225 1848 1315 1877 nam
1335 1849 1432 1888 quae

210 1895 369 1935 Femina
399 1908 528 1948 nuper
560 1907 646 1935 eras
664 1927 676 1949 ,
707 1908 807 1947 puer
839 1908 909 1934 es.
949 1896 1037 1935 date
1069 1907 1235 1935 munera
1254 1895 1433 1947 templis,

209 1954 291 1994 Nec
320 1954 456 1994 timida
486 1954 653 2006 gaudete
684 1953 788 1993 fide!
821 1954 915 1993 dant
944 1966 1109 1994 munera
1140 1953 1317 2006 templis,

211 2012 370 2053 Addunt
401 2019 441 2052 et
471 2013 655 2053 titulum:
686 2012 826 2052 titulus
857 2012 976 2051 breve
1009 2024 1166 2052 carmen
1197 2012 1365 2052 hahebat

213 2069 336 2111 ‘Dona
367 2083 468 2124 puer
501 2071 618 2111 solvit
648 2083 748 2123 quae
780 2071 924 2110 semina
955 2077 1114 2111 voverat
1143 2068 1289 2123 lphis’.

124 2138 191 2170 795
210 2129 372 2169 Postera
404 2129 469 2169 lux
500 2130 619 2170 radiis
650 2130 771 2169 latum
802 2130 1042 2181 patefecerat
1072 2130 1233 2183 orbem,
1288 2137 1316 2164 ¹·
1334 2139 1432 2164 cxliv.

212 2188 311 2228 Cum
340 2187 472 2228 Venus
503 2194 544 2228 et
573 2188 671 2228 luno
703 2190 912 2240 sociosque
943 2188 1191 2241 Hymenaeus
1223 2188 1270 2227 ad
1302 2189 1411 2241 ignes

212 2246 489 2300 Conveniunt,
518 2248 747 2299 potiturque
779 2259 849 2286 sua
879 2259 979 2299 puer
1010 2247 1116 2300 Iphis
1147 2247 1306 2288 Ianthe.

1083 2434 1152 2467 13*
