1538 2496
127 126 212 168 240
380 137 511 162 crenus
679 123 894 160 METAMM
908 150 916 158 .

246 236 471 288 Seditioque
503 247 646 287 repens
678 233 876 285 dubioque
908 239 1068 274 auctore
1102 234 1288 275 Susurri.

244 295 331 347 lpsa
350 327 361 348 ‚
394 294 485 346 quid
519 295 558 332 in
592 293 696 332 caclo
729 305 863 332 rerum
894 293 1110 345 pelagoque
1143 298 1303 345 geratur

245 353 294 393 Et
325 354 464 393 tellure
483 384 494 405 ‚
526 352 659 405 videt,
692 357 896 403 totumque
928 353 1092 404 inquirit
1123 353 1164 391 in
1196 351 1354 392 orbem.

303 412 466 451 Fecerat
496 411 592 450 haec
623 416 760 450 notum
778 443 789 464 ‚
822 410 955 450 Graias
988 423 1078 450 cum
1110 410 1232 450 milite
1264 411 1357 450 sorti

180 479 223 510 65
244 471 462 509 Adventare
494 475 598 509 rates
619 501 627 508 .
666 482 795 521 neque
826 471 1098 521 inexpectatus
1130 471 1171 509 in
1203 471 1321 509 armis

245 529 376 568 Hostis
409 528 546 568 adest.
585 528 796 581 prohibent
827 529 955 568 aditus
974 560 984 580 ‚
1016 528 1188 579 litusque
1223 533 1383 568 tuentur

244 588 396 639 Troes3
429 592 468 626 et
499 587 692 627 Hectorea
723 589 874 639 primus
907 587 1076 627 fataliter
1107 587 1242 640 hasta,

244 646 457 685 protesilae
476 678 487 699 ‚
520 646 654 686 cadis:
687 648 971 698 commissaque
1003 645 1152 698 proelia
1183 657 1324 698 magne

246 705 357 744 Stant
382 705 546 758 Danais,
579 705 771 756 fortisque
797 706 947 744 animae
974 717 1070 744 nece
1098 706 1278 756 cognitus
1303 703 1473 757 Hector3
1528 707 1538 728 ³

181 771 224 803 70
244 763 324 802 Nec
355 763 530 816 Phryges
562 765 701 816 exiguo
721 795 732 817 ,
764 764 858 815 quid
889 764 1056 802 Achaica
1088 763 1248 802 dextera
1279 769 1438 816 posset,

246 822 442 874 Sanguine
476 829 714 862 senserunt.
739 828 794 862 ‘et
824 824 901 862 iam
934 822 1047 874 Sigea
1079 821 1274 861 rubebant

244 881 406 935 Litora,
437 883 514 921 iam
545 882 622 921 leto
655 881 786 933 proles
818 881 1014 933 Neptunia
1033 913 1044 934 ‚
1077 880 1232 933 Cygnus

245 940 348 979 Mille
381 942 485 980 viros
518 940 709 993 dederat,
740 942 817 979 iam
850 952 971 980 curru
1003 939 1173 979 instabat
1202 939 1396 992 Achilles,

244 998 420 1051 Totaque
452 999 628 1039 Peliacae
661 999 862 1038 sternebat
893 999 1067 1050 cuspidis
1099 1000 1181 1038 ictu

182 1065 224 1097 '15
245 1057 436 1111 Agmina3
468 1070 618 1110 perque
651 1060 754 1098 acies
788 1064 854 1097 aut
887 1057 1062 1109 Cygnum
1094 1056 1161 1098 a'ut
1191 1056 1360 1098 Hectora

247 1175 508 1227 Congreditur
541 1175 701 1227 Cygno.
741 1175 937 1215 decimum
969 1175 1111 1214 dilatus
1142 1176 1184 1214 in
1215 1186 1362 1214 annum

244 1233 392 1273 Hector
423 1239 535 1274 erat.
574 1240 658 1274 tum
690 1234 787 1273 colla
818 1236 910 1285 iugo
944 1235 1122 1273 canentia
1153 1245 1312 1286 pressos

244 1292 484 1333 Exhortatus
517 1305 669 1347 equos,
703 1305 865 1333 currum
897 1293 1041 1332 direxit
1071 1294 1111 1332 in
1143 1292 1320 1345 hostem,

247 1351 564 1403 Concutiensque
597 1354 678 1402 suis
711 1352 901 1391 vibrantia
932 1352 1008 1391 tela
1038 1351 1196 1391 lacertis

181 1417 226 1450 80
248 1407 452 1462 ‘Quisquis
485 1423 556 1463 es,
590 1423 611 1449 o
643 1412 795 1450 iuvenis
814 1408 840 1463 ,³
873 1410 971 1450 dixit
1003 1407 1190 1450 esolamen
1221 1409 1363 1450 habeto

246 1469 383 1508 Mortis
402 1501 413 1522 ‚
446 1469 492 1508 ab
525 1469 738 1508 Haemonio
773 1469 877 1520 quod
910 1471 963 1508 sis
994 1469 1194 1521 iugulatus
1225 1468 1374 1508 Achille
1389 1465 1413 1508 .'

246 1527 445 1575 Hactenus
476 1528 693 1568 Aeacides.
732 1540 867 1567 vocem
900 1529 1026 1579 gravis
1058 1528 1169 1567 hasta
1201 1533 1336 1567 secuta
1367 1532 1450 1580 est,

247 1585 344 1636 [Sed
378 1598 612 1638 quamquam
644 1591 752 1626 certa
783 1586 914 1626 nullus
948 1587 1022 1625 fuit
1053 1598 1166 1625 error
1196 1587 1237 1626 in
1269 1586 1403 1639 hasta,

245 1645 307 1683 Nil
338 1650 470 1684 tamen
503 1646 636 1684 emissi
667 1646 836 1697 profecit
867 1646 1045 1684 acumine
1078 1645 1175 1684 ferri
1186 1643 1216 1697 ,]

180 1711 224 1743 85
245 1703 374 1755 thue
406 1703 538 1743 hebeti
569 1709 709 1756 pectus
742 1703 1010 1743 tantummodo
1033 1703 1221 1747 ,contudit
1251 1705 1355 1744 ictu.

247 1760 359 1801 ‘Nate
392 1762 463 1802 dea
482 1795 493 1815 ‚
525 1775 615 1802 nam
647 1768 684 1802 te
719 1763 818 1802 fama
850 1757 1126 1814 praenovimus
1145 1759 1172 1815 ,³
1203 1764 1333 1814 inquit

245 1821 313 1860 Ille
346 1818 456 1872 ‘quid
488 1834 508 1860 a
540 1821 653 1860 nobis
685 1822 826 1861 vulnus
858 1821 1181 1861 miraris-&besse
1201 1818 1238 1860 P’
1271 1843 1326 1849 —

245 1879 459 1919 Mirabatur
491 1881 596 1919 enim
622 1902 677 1908 —-
705 1878 798 1919 ‘non
832 1880 950 1933 haec,
983 1892 1099 1932 quam
1131 1881 1287 1932 cernis,
1319 1880 1474 1932 equinis

245 1938 363 1977 Fulva
394 1938 498 1978 iubis
531 1940 651 1978 cassis
670 1971 681 1991 ⁷
713 1951 841 1990 neque
871 1951 970 1978 onus
1004 1951 1095 1978 cava
1125 1951 1259 1990 parma
1291 1940 1473 1979 sinistrae

182 2003 226 2035 90
246 1996 397 2036 Auxilio
430 1997 526 2037 mihi
558 2003 679 2050 sunt3
711 1998 841 2037 decor⁴
862 2003 922 2036 est
954 1998 1155 2048 quaesitus
1187 1997 1234 2037 ab
1266 1998 1375 2037 istis.

245 2054 347 2093 Mars
380 2068 536 2107 quoque
563 2055 612 2095 ob
645 2056 719 2095 hoc
746 2067 886 2108 capere
913 2067 1019 2095 arma
1045 2056 1171 2096 solet.
1207 2055 1474 2097 removebitur

1237 2114 1356 2154 huius

246 2170 444 2222 Tegminis
478 2174 651 2213 officium
669 2204 680 2226 ‚
712 2179 842 2213 tamen
874 2173 1130 2213 indestrictus
1162 2173 1297 2213 abibo.

246 2229 317 2269 Est
348 2230 493 2280 aliquid
512 2263 523 2284 ,
555 2244 633 2271 non
666 2244 752 2271 esse
786 2238 912 2272 satum
944 2232 1112 2272 Nereide
1131 2264 1143 2286 ‚
1175 2232 1244 2272 sed
1276 2233 1344 2283 qui

246 2288 449 2339 Nereaque
483 2295 523 2328 et
554 2296 662 2329 natas
695 2297 734 2330 et
765 2296 892 2331 totum
923 2296 1122 2343 temperet
1150 2302 1297 2343 aequor
1311 2286 1337 2331 ‚³

183 2354 225 2385 95
247 2346 379 2400 Dixit,
411 2352 451 2386 et
481 2347 692 2388 haesurum
725 2349 840 2402 clipei
873 2351 1097 2390 curvamine
1129 2349 1252 2389 telum

1280 1127 1473 1167 quaerens
1535 1117 1538 1120 '

1535 2119 1538 2131 -
1536 2084 1538 2089 .
1505 1403 1538 2063 -ιιι-..ιιιῴ-,Α--ι-ῂ--ι-...ι-ω.
1532 1309 1538 1334 ,κ.
1535 1279 1538 1283 .
1533 1215 1538 1259 m.-.
