1527 2580
566 148 615 183 IX
633 177 642 193 ,
670 152 852 185 580—652
868 177 876 185 .
1027 162 1146 185 arnus
1303 149 1381 193 191

167 259 252 300 Ulla
284 261 359 299 mei
392 261 570 311 capiam,
603 259 694 298 dum
727 261 887 311 spiritus
919 261 992 298 iste
1025 258 1216 300 manebit.

165 319 262 358 Nam
294 320 495 371 primum,
527 320 559 356 si
594 319 690 356 sacta
726 318 816 357 mihi
851 330 1032 357 revocare
1064 318 1222 371 liceret,

165 377 252 416 Non
285 378 462 429 coepisse
497 376 598 415 suit:
631 384 766 428 coepta
800 389 1022 428 expugnare
1055 377 1271 417 secundnm
1304 384 1384 417 est.

77 445 144 477 6⁶20
165 436 318 488 Quippe
352 447 424 475 nec
457 435 520 474 ille
551 440 710 487 potest,
743 441 785 474 ut
817 436 890 474 iam
925 448 1006 474 mea
1029 443 1113 475 vota
1146 436 1386 490 relinquam,

164 495 251 535 Non
285 501 413 534 tamen
448 505 632 533 ausorum
665 505 819 545 semper
853 506 1000 533 memor
1032 506 1119 534 esse
1151 506 1350 535 meorum.

163 553 241 606 Et,
273 555 362 605 quia
395 552 578 591 desierim
599 584 609 603 ,
642 552 777 591 leviter
810 552 977 592 voluisse
1010 552 1194 607 videbor,

164 614 241 652 Aut
273 614 389 651 etiam
422 617 633 663 temptasse
668 611 774 650 illum
808 611 1037 663 insidiisque
1070 614 1240 663 petisse:

165 670 233 710 Vel
266 676 373 710 certe
406 682 484 709 non
517 669 591 709 hoc
615 701 626 722 ,
659 672 724 721 qui
759 669 950 721 plurimus
983 677 1125 721 urguet
1157 678 1195 710 et
1227 672 1307 710 urit

79 738 145 770 625
167 729 332 770 Pectora
364 735 528 780 nostra,
561 728 632 767 deo
652 761 662 780 ,
695 729 762 768 sed
796 730 894 767 victa
927 729 1083 767 libidine
1116 729 1276 768 credar.

165 788 343 839 Denique
377 789 451 827 iam
485 799 637 838 nequeo
671 787 724 825 nil
757 789 998 826 commisisse
1033 788 1265 826 nefandum.

166 847 216 886 Et
247 847 389 898 scripsi
422 853 461 885 et
493 847 615 897 petii:
649 851 834 885 temerata
867 853 926 885 est
959 853 1090 885 nostra
1123 846 1320 886 voluntas.

166 904 217 945 Ut
250 905 345 944 nihil
378 904 570 957 adiciam,
604 916 680 943 non
714 917 872 955 possum
905 906 1060 943 innoxia
1093 905 1191 944 dici.

168 964 282 1011 Quod
316 969 530 1015 superest,
563 962 727 1002 multum
761 970 819 1002 est
852 965 890 1001 in
925 970 1037 1014 vota,
1071 965 1108 1001 in
1142 964 1302 1002 crimina

1191 1033 1349 1073 parvum
1365 1018 1387 1060 .’

82 1090 150 1123 630
172 1081 305 1121 Dixit:
338 1086 378 1121 et
410 1083 582 1120 incertae
618 1086 720 1120 tanta
754 1087 812 1119 est
845 1080 1036 1119 discordia
1069 1082 1233 1132 mentis,

170 1140 268 1180 Cum
301 1141 432 1192 pigeat
465 1145 706 1192 temptasse,
739 1139 834 1178 libet
867 1145 1086 1190 temptare.
1126 1138 1362 1189 modumque

168 1198 288 1251 Exit,
321 1204 360 1238 et
391 1198 525 1237 infelix
558 1199 766 1237 committit
798 1209 912 1249 saepe
944 1197 1102 1248 repelli.

170 1257 258 1297 Mox
291 1256 358 1296 ubi
392 1258 478 1295 linis
511 1256 650 1309 abest,
682 1257 845 1308 patriam
881 1257 976 1307 sugit
1009 1255 1071 1294 ille
1106 1256 1316 1308 nefasque,

169 1316 291 1368 Inque
323 1317 529 1368 peregrina
561 1317 671 1367 ponit
703 1327 799 1354 nova
832 1316 982 1353 moenia
1017 1321 1141 1353 terra.

82 1383 148 1416 635
169 1375 271 1414 Tum
303 1387 394 1414 vero
428 1380 613 1414 maestam
647 1379 724 1413 tota
757 1373 926 1412 Miletida
959 1379 1089 1412 mente

170 1433 368 1473 Desecisse
403 1433 563 1484 serunt,
598 1438 679 1471 tum
712 1444 802 1471 vero
836 1444 855 1470 a
888 1437 1048 1483 pectore
1082 1436 1228 1470 vestem

171 1491 340 1543 Diripuit
371 1491 596 1543 planxitque
628 1502 720 1530 suos
754 1490 960 1529 furibunda
994 1490 1183 1541 lacertos3

171 1550 331 1602 Iamque
365 1550 488 1602 palam
522 1556 582 1589 est
607 1549 797 1601 demens,
830 1551 1176 1599 inconcessamque
1211 1549 1352 1587 fatetur

172 1609 291 1662 Spem
324 1610 506 1661 veneris,
538 1610 623 1648 sine
662 1620 737 1659 qua
769 1609 933 1660 patriam
974 1608 1196 1657 invisosque
1237 1614 1394 1658 penates

83 1676 151 1710 640
172 1668 355 1720 Deserit,
387 1673 426 1706 et
457 1668 613 1719 profugi
645 1668 824 1718 sequitur
856 1667 1014 1717 vestigia
1048 1666 1201 1704 fratris.

173 1726 302 1778 thue
336 1732 402 1765 tuo
436 1732 592 1778 motae,
625 1725 754 1776 proles
789 1724 1007 1776 Semeleia,
1041 1723 1171 1775 thyrso

172 1785 355 1825 Ismariae
388 1784 588 1823 celebrant
619 1785 784 1835 repetita
817 1784 984 1822 triennia
1016 1781 1208 1833 bacchae,

172 1843 332 1896 Byblida
364 1855 442 1882 non
476 1843 588 1882 aliter
621 1842 717 1881 latos
751 1841 919 1881 ululasse
952 1853 1022 1892 per
1054 1852 1167 1892 agros

174 1902 388 1942 Bubasides
422 1901 551 1941 videre
586 1913 737 1940 nurus.
777 1901 918 1952 quibus
951 1899 1011 1938 illa
1045 1899 1191 1938 relictis

87 1970 153 2002 645
175 1961 292 2001 Caras
326 1967 364 2000 et
396 1961 600 2000 armiferos
634 1959 793 2010 Lelegas
825 1958 1057 2010 Lyciamque
1090 1962 1291 2009 pererrat.

174 2020 252 2059 lam
285 2019 437 2071 Cragon
469 2025 510 2058 et
540 2018 723 2070 Limyren
756 2017 975 2068 Xanthique
1009 2016 1220 2067 reliquerat
1251 2015 1398 2068 undas,

175 2078 340 2130 Quoque
374 2078 578 2117 Chimaera
611 2079 701 2129 iugo
735 2077 871 2116 mediis
906 2078 942 2114 in
977 2074 1152 2127 partibus
1186 2075 1340 2127 ignem,

174 2137 318 2177 Pectus
350 2142 390 2176 et
421 2148 489 2176 ora
521 2136 632 2188 leae,
665 2136 826 2175 caudam
859 2135 1053 2186 serpentis
1087 2132 1275 2173 habebat.

175 2195 369 2235 Deficiunt
401 2195 549 2234 silvae:
581 2206 670 2234 cum
703 2200 743 2233 tu
776 2194 914 2232 lassata
941 2192 1140 2244 sequendo

88 2262 155 2296 650
176 2254 389 2307 Concidis,
421 2260 461 2293 et
492 2254 589 2293 dura
620 2253 758 2305 positis
792 2251 932 2291 tellure
965 2250 1136 2304 capillis,

176 2312 286 2365 Bybli
305 2345 316 2366 ,
348 2315 481 2365 iaces,
510 2312 747 2363 frondesque
780 2316 847 2350 tuo
879 2311 1025 2363 premis
1057 2321 1125 2348 ore
1158 2307 1345 2348 caducas.

179 2372 303 2425 Saepe
337 2373 453 2412 etiam
487 2370 676 2424 nymphae
709 2371 854 2410 teneris
888 2368 1111 2421 Lelegeides
1145 2367 1248 2406 ulnis
