1507 2580
1207 77 1379 113 XXXVII

36 190 124 228 34‘1
170 190 256 228 370
298 190 382 228 422
427 189 511 227 445
556 190 638 227 473
681 191 765 228 474
807 189 874 228 Vel
904 190 994 237 quid
1037 190 1120 228 477
1163 190 1247 227 543
1295 190 1376 228 573

157 301 263 344 LIB.
290 301 396 344 XIII
428 319 464 344 v.
490 302 576 344 312
608 313 809 345 v1D1sr1s
842 313 1145 352 PRAESTOQUE
1179 313 1378 344 onmem

43 372 298 403 PATEBANT.
353 366 550 412 pretioque
587 364 679 402 libri
711 377 863 414 omnes,
901 365 1005 414 quod
1036 366 1172 414 aptam
1210 367 1379 403 structu-

44 435 127 461 ram
163 435 242 461 11011
277 423 409 461 habet.
471 430 678 461 PRAESTO
717 423 910 461 iunxerim
947 435 1036 462 cum
1066 424 1225 473 obiecta,
1264 436 1381 472 quem

40 481 254 520 admodum
283 485 440 530 praesto
478 482 603 531 video,
632 485 790 529 praesto
822 483 953 521 adesse
984 482 1061 520 dici
1098 482 1305 521 consuevit
1341 484 1382 520 et

42 541 165 579 visum
184 541 376 588 obiectum,
407 541 548 588 species
572 540 713 578 obiecta
741 541 845 588 apud
866 539 1105 588 Ciceronem,
1129 543 1176 578 ut
1200 541 1381 590 iteretur,

41 597 146 648 quod
184 599 398 637 antecessit
435 600 599 638 crimina
629 599 795 647 vidistis,
833 611 911 637 non
941 600 1094 647 facinus
1119 612 1156 638 v.
1176 600 1280 648 310,
1313 600 1381 638 sed

40 656 276 706 criminatio,
308 660 354 695 ut
384 671 420 696 v.
442 658 508 696 60.
558 657 695 696 durius
727 657 845 706 paulo
878 657 982 695 foret
1013 659 1165 708 obiecta,
1199 653 1315 707 ‘quae
1347 659 1383 695 ei

41 711 290 764 obieceram’,
315 719 474 763 praesto
497 717 694 763 patebant,
726 718 772 754 ut
802 716 1013 765 legebatur
1045 716 1151 765 apud
1184 715 1261 754 Cic.
1282 717 1382 766 Epp.

42 773 135 812 fam.
167 782 252 812 xm
275 775 326 812 29
358 776 380 812 2
407 778 564 822 praesto
595 776 670 821 fuit
695 786 740 813 ac
764 777 904 822 patuit.
1024 772 1109 813 423
1140 774 1192 812 IN
1218 782 1382 814 MEDHS

42 839 227 871 HEcussA
270 840 356 871 Esr
406 841 631 872 NATORUM
682 841 885 871 INVENTA
929 841 1224 873 SEPULCHRIS.
1289 833 1385 871 libri

40 894 98 930 est
128 891 334 940 omittunt,
365 891 464 930 vitio
496 893 673 937 vetusto,
706 892 810 940 quod
841 892 945 930 redit
976 893 1079 930 infra
1111 893 1214 942 556,
1246 894 1385 942 estque

41 961 68 987 a
102 948 286 988 barbaris
324 949 404 988 illis
448 950 487 987 in
525 962 685 988 versum
728 951 1030 999 suppositicium
1074 952 1157 988 549
1201 951 1384 988 inlatum.

42 1008 273 1057 ignoratum
298 1009 361 1048 est
384 1008 751 1057 frequentissimum
776 1009 876 1046 illud
901 1009 1164 1058 hyperbaton,
1192 1021 1268 1058 quo
1296 1009 1385 1048 sub-

43 1066 264 1105 stantivum
306 1067 450 1116 prioris
495 1067 695 1105 enunciati
738 1067 780 1105 in
823 1067 1046 1116 proximum
1090 1067 1291 1117 differtur,
1340 1070 1387 1105 ut

43 1124 149 1162 infra
184 1126 289 1174 426,
328 1127 430 1175 716,
478 1127 612 1164 17102
654 1126 735 1164 553
778 1127 858 1163 651
911 1134 958 1163 VI
986 1127 1040 1164 54
1081 1126 1134 1164 98
1177 1128 1257 1164 191
1299 1127 1382 1164 396

43 1178 196 1236 (5831))
250 1191 318 1222 vn
357 1184 412 1222 80
453 1185 533 1222 167
576 1184 656 1222 181
699 1185 779 1221 241
821 1185 902 1222 481
955 1192 1039 1221 vm
1081 1184 1161 1223 187
1213 1193 1263 1222 lx
1302 1186 1383 1223 597

45 1250 77 1280 x
115 1243 138 1279 2
179 1243 261 1280 715
313 1250 394 1280 X1v
429 1243 523 1280 740.
678 1239 764 1280 458
810 1250 921 1288 QUIN
965 1251 1036 1280 TU.
1086 1246 1154 1280 azot
1190 1243 1233 1281 tu
1268 1243 1309 1280 M
1347 1246 1388 1281 01,

43 1300 138 1338 libri
173 1300 292 1350 longe
329 1300 502 1349 plurimi.
564 1303 606 1339 at
641 1303 682 1338 tu
719 1300 888 1339 aliorum
923 1313 1050 1350 neque
1093 1301 1385 1351 auctoritatem,

44 1370 190 1408 neque,
233 1359 348 1408 puto,
391 1359 522 1397 locum
564 1359 696 1397 habet.
877 1355 962 1397 556
1002 1355 1174 1398 ‘TOLLE
1219 1367 1388 1409 MORAS,

45 1425 243 1465 HECUBA,
267 1413 341 1455 ET'
361 1425 507 1456 DIXIT.
555 1418 706 1456 inserui
730 1425 791 1456 ΕΤ
816 1418 1010 1456 librorum
1037 1418 1268 1466 scripturae.

46 1472 131 1514 619
169 1483 434 1514 PARENTALI
470 1484 742 1515 mom'rURAE
780 1484 915 1515 LUCE.
977 1478 1185 1515 moriturae
1219 1488 1324 1515 more
1353 1477 1387 1514 Ε

43 1537 87 1572 et
123 1534 312 1584 plerique.
373 1546 466 1573 mor.
497 1538 616 1574 morte
651 1535 778 1584 pauci.
840 1537 883 1574 at
913 1535 970 1585 M,
1010 1537 1203 1584 quantum
1238 1536 1387 1584 notavi,

42 1604 140 1631 mor.
170 1604 276 1643 uoce,
307 1593 411 1631 unde
443 1593 569 1643 effeci,
603 1606 679 1643 quo
712 1606 811 1642 opus
843 1594 947 1644 erat,
984 1606 1034 1632 ne
1065 1605 1199 1632 mense
1230 1594 1388 1632 tantum

43 1653 174 1701 certo,
216 1665 253 1690 v.
276 1652 377 1700 618,
422 1652 491 1690 sed
529 1652 593 1690 die
625 1652 674 1690 ab
707 1652 847 1691 avibus
878 1654 1129 1702 parentetur,
1169 1652 1230 1690 uti
1266 1652 1390 1690 habet

45 1709 264 1749 Pausanias
295 1719 328 1748 x
349 1712 400 1749 31
432 1712 468 1760 6,
500 1707 548 1749 ἑν
574 1707 809 1759 εἰρημέναι(
833 1707 1017 1758 ἡμέραις.
1059 1711 1284 1759 parentales
1308 1712 1389 1749 dies

46 1770 141 1807 sunt
170 1767 278 1807 Fast.
304 1777 339 1806 11
359 1769 454 1807 548.
606 1766 691 1808 632
723 1777 817 1816 Quo
848 1777 969 1808 REGE
1002 1777 1228 1819 HonssNEs,
1261 1777 1390 1807 ANTI-

47 1834 183 1866 STI'I'E
238 1834 450 1866 PHOEBUS
506 1829 622 1866 RrrE
678 1835 964 1867 COLEBATUR.
1037 1829 1226 1877 corrupta
1279 1830 1388 1877 puto.

47 1885 280 1935 suspicabar
316 1898 388 1934 quo
425 1898 511 1935 reye
548 1894 702 1937 FIDES,
746 1890 840 1936 ant„
879 1886 984 1936 quod
1021 1886 1062 1924 in
1098 1887 1315 1936 archetypo
1347 1886 1388 1924 M

46 1944 270 1994 scripturae
289 1957 415 1994 genus
435 1945 638 1984 videretur
662 1945 798 1995 fuisse,
824 1945 865 1983 in
892 1958 968 1994 quo
994 1945 1095 1995 Imes,
1116 1957 1204 1983 cum
1229 1945 1389 1994 lineola,

44 2014 127 2041 non
156 2003 275 2053 longe
307 2003 475 2042 distaret
507 2016 531 2043 a
561 2005 667 2051 fides.
730 2003 870 2042 similis
910 2004 1102 2042 sermonis
1135 2004 1297 2054 argutia
1328 2005 1390 2042 est

46 2063 234 2100 XIV.109
269 2073 314 2099 ac
343 2063 505 2111 passim.
621 2058 708 2101 684
738 2062 938 2101 HYLEUS.
988 2063 1046 2100 ita
1078 2063 1186 2101 solus
1212 2062 1258 2110 E,
1289 2062 1392 2100 citra

45 2119 368 2169 interpolationis
409 2121 689 2170 suspicionem,
733 2123 780 2158 ut
821 2121 959 2160 multa.
1021 2121 1209 2160 dederam
1238 2121 1318 2158 iam
1349 2120 1388 2158 in

47 2178 265 2226 proocdosi.
426 2180 508 2218 687
553 2187 812 2226 PYRAEQUE.
868 2179 941 2218 hoc
988 2180 1130 2229 putavi
1178 2179 1306 2217 latere
1349 2178 1387 2215 in

46 2236 249 2285 scriptura
278 2237 320 2275 M
347 2249 530 2288 yyroque,
568 2238 646 2277 nisi
676 2238 945 2287 transpositae
977 2239 1156 2287 syllabae
1187 2237 1389 2286 putandae

47 2296 142 2333 sunt
177 2295 420 2345 reliquorum
458 2296 632 2335 omnium
670 2297 891 2347 scripturae
927 2299 1093 2346 royz'que.
1133 2307 1261 2346 pyrae
1298 2297 1393 2334 sunt
