1554 2506
96 70 178 113 134
357 83 474 106 unum
641 70 857 107 ME‘I'AMM
871 98 878 106 .

123 189 189 221 265
212 181 445 233 Seminaque
472 181 668 232 floresque
700 188 741 220 et
771 193 887 221 sucos
919 184 1096 234 incoquit
1126 195 1260 224 acreS.

209 241 337 280 Adicit
368 247 542 280 extremo
574 239 721 291 lapides
753 241 904 280 oriente
936 243 1080 293 petitos

209 299 259 338 Et
290 312 385 350 quas
418 298 562 338 Oceani
595 298 763 338 ressuum
795 311 901 338 mare
933 299 1053 353 lavit,
1084 300 1273 354 harena-⁹15

209 358 324 396 Addit
356 364 396 396 et
427 362 609 408 exceptas
640 357 731 396 luna
763 363 951 409 pernocte
983 360 1145 410 pruinas

209 416 259 455 Et
289 417 422 467 strigis
453 416 617 454 infames
648 417 744 468 ipsis
776 428 865 456 cum
898 417 1081 457 carnibus
1113 418 1216 471 alas,

122 474 251 515 2701n
296 487 331 513 ie
364 476 492 513 virum
523 474 628 513 soliti
659 474 789 514 vultus
821 481 973 515 mutare
1005 477 1152 516 ferinos

208 534 236 572 A
309 534 389 583 igui
420 539 602 584 prosecta
633 533 745 586 lupi;
777 546 849 573 nec
881 534 1007 574 defuit
1037 534 1116 574 illic

210 592 403 643 Squamea
439 591 618 643 Cinyphii
649 594 780 632 tenuis
812 593 1038 633 membrana
1072 593 1246 646 chelydri

208 650 437 702 vivacisque
468 652 580 690 iecur
612 652 750 704 cervi,
782 651 925 703 quibus
956 654 1120 704 insuper
1152 652 1257 692 addit

209 709 286 748 Ora
318 715 513 761 caputque
546 722 685 749 novem
717 712 886 749 cornicis
919 711 1071 750 saecula
1103 723 1263 763 passae.

121 775 187 808 275
208 768 277 806 His
309 774 348 807 et
379 767 484 807 mille
517 768 600 807 aliis
633 774 841 820 postquam
872 770 956 808 sine
989 771 1146 809 nomine
1179 769 1298 809 rebus

207 827 458 879 Propositum
490 828 678 866 instruxit
709 829 900 866 remorari
931 827 1094 867 Tartara
1125 840 1294 881 munus,

208 887 345 925 Arenti
376 897 484 924 ramo
517 885 749 937 iampridem
780 888 886 926 mitis
918 886 1039 926 olivae

208 944 346 983 Omnia
379 945 556 984 confudit
587 946 829 996 summisque
861 946 1062 985 inmiscuit
1091 947 1190 985 ima.

207 1002 309 1042 Ecce
342 1009 453 1042 vetus
486 1003 610 1042 calido
641 1009 821 1042 versatus
852 1006 975 1055 stipes
1006 1008 1103 1043 aeno

119 1069 186 1102 280
206 1061 267 1101 Fit
301 1062 435 1101 viridis
466 1064 593 1114 primo
612 1094 623 1114 ‚
654 1074 728 1101 nec
759 1062 874 1113 longo
907 1070 1084 1114 tempore
1115 1062 1276 1102 frondes

207 1121 368 1173 Induit,
401 1126 440 1160 et
471 1120 600 1159 subito
633 1121 801 1171 gravidis
833 1127 1021 1160 oneratur
1053 1121 1186 1161 olivis.

207 1180 256 1218 At
288 1192 536 1231 quacumque
568 1191 660 1218 cavo
693 1191 852 1230 spumas
883 1181 1001 1219 eiecit
1031 1183 1128 1220 aeno

207 1238 311 1290 Ignis
330 1270 341 1290 ‚
374 1244 412 1278 et
443 1239 483 1277 in
515 1243 662 1277 terram
693 1243 825 1289 guttae
858 1238 1036 1278 cecidere
1069 1238 1264 1291 calentes,

208 1296 352 1336 Vernat
382 1297 525 1336 humus
543 1328 555 1350 ,
586 1297 783 1348 floresque
816 1302 856 1336 et
886 1297 1014 1336 mollia
1046 1297 1187 1349 pabula
1218 1303 1408 1349 surgunt.

121 1364 187 1395 285
209 1356 316 1402 Quae
349 1356 465 1395 simul
497 1367 541 1395 ac
573 1355 697 1409 vidit,
729 1357 866 1395 stricto
898 1355 1034 1395 Medea
1066 1355 1236 1395 recludit

207 1414 311 1454 Ense
343 1416 449 1454 senis
480 1414 657 1466 iugulum
676 1446 687 1467 ‚
719 1420 970 1466 veteremque
1003 1416 1110 1454 exire
1144 1426 1328 1454 cruorem

207 1473 355 1526 Passa,
387 1473 514 1525 replet
545 1475 679 1512 sucis,
718 1485 816 1524 quos
848 1480 1056 1525 postquam
1088 1472 1263 1512 conbibit
1281 1474 1409 1512 Aeson

207 1533 285 1571 Aut
316 1545 384 1571 ore
418 1538 599 1584 acceptos
631 1538 697 1571 aut
730 1532 890 1571 vulnere
908 1564 920 1586 ‚
950 1532 1070 1571 barba
1102 1544 1314 1584 comaeque

208 1590 356 1630 Canitie
387 1593 512 1642 posita
546 1592 701 1642 nigrum
734 1603 900 1642 rapuere
932 1591 1125 1630 colorem.
1287 1599 1316 1625 f.
1335 1598 1432 1625 xcvii·

119 1658 187 1690 290
207 1649 324 1688 Pulsa
356 1650 456 1700 sugit
488 1651 631 1688 macies
650 1681 662 1702 ‚
693 1649 840 1688 abeunt
871 1649 1073 1701 pallorque
1104 1651 1305 1702 situsque,

207 1709 447 1760 Adiectoque
481 1721 594 1747 cavae
627 1708 861 1760 supplentur
893 1721 1059 1760 corpore
1090 1721 1234 1762 rugae,

206 1767 459 1818 Membraque
491 1767 691 1806 luxuriant
710 1799 718 1806 .
757 1768 884 1806 Aeson
917 1769 1082 1807 miratur
1112 1772 1153 1807 et
1183 1767 1276 1806 olim

207 1828 306 1865 Ante
340 1832 478 1877 quater
510 1826 632 1865 denos
665 1826 769 1865 hunc
801 1838 843 1864 se
874 1827 1142 1865 reminiscitur
1173 1837 1315 1865 annos.
1481 1873 1483 1875 ¹

265 1883 423 1924 Viderat
454 1897 501 1924 ex
534 1885 609 1923 alto
642 1886 740 1924 tanti
772 1885 957 1924 miracula
989 1885 1156 1933 monstri
1275 1893 1302 1918 r·
1323 1891 1430 1918 xcviii-

119 1951 185 1983 295
207 1943 351 1983 Liber.
391 1950 431 1983 et
462 1943 684 1983 admonitus
715 1945 877 1982 iuvenes
908 1943 1132 1983 nutricibus
1163 1955 1286 1982 annos

207 2002 328 2041 Posse
360 2004 442 2041 suis
475 2002 615 2055 reddi,
647 2003 750 2054 capit
780 2002 853 2040 hoc
885 2014 907 2040 a
938 2001 1123 2041 Colchide
1155 2014 1321 2041 munus.

266 2060 371 2100 Neve
404 2060 482 2099 doli
515 2066 700 2114 cessent,
731 2060 864 2099 odium
897 2073 986 2100 cum
1019 2062 1185 2112 coniuge
1218 2060 1357 2100 salsum

207 2119 367 2159 Phasias
400 2120 628 2171 assimulat,
660 2119 870 2170 Peliaeque
902 2119 949 2158 ad
981 2119 1114 2159 limina
1145 2118 1309 2171 supplex

209 2177 415 2228 Confugit.
437 2184 552 2228 atque
573 2178 676 2217 illam
689 2210 699 2230 ‚
720 2180 904 2229 quoniam
923 2179 1051 2230 gravis
1071 2180 1155 2230 ipse
1175 2183 1335 2217 senecta
1355 2182 1433 2228 est,

120 2245 188 2277 300
208 2236 420 2288 Excipiunt
451 2242 562 2275 natae
584 2268 592 2276 .
634 2249 729 2288 quas
763 2242 938 2289 tempore
971 2236 1108 2276 callida
1137 2248 1258 2289 parvo

208 2294 362 2334 Colchis
394 2296 584 2335 amicitiae
617 2295 817 2335 mendacis
848 2296 1016 2347 imagine
1049 2296 1176 2347 cepit,
