1527 2580
572 122 631 168 II,
659 127 844 159 653—726
857 151 864 159 .
1035 137 1165 160 nurus
1330 126 1383 165 41

79 242 147 274 690
166 232 442 285 Nobiliumque
474 245 612 284 greges
646 240 778 272 custos
811 233 989 273 servabat
1021 246 1230 285 equarum.

167 291 281 331 Hunc
313 293 471 343 timuit,
504 291 719 342 blandaque
754 304 868 331 manu
902 293 1085 344 seduxit,
1118 299 1156 331 et
1188 292 1240 331 illi

170 348 371 401 ‘Quisquis
403 362 445 389 es
464 382 475 402 ,
507 350 648 401 hospes
661 348 688 402 ,’
721 353 773 389 ait
805 348 852 390 ‘si
880 352 979 390 sorte
1008 357 1181 390 armenta
1214 352 1389 402 requiret

169 408 272 448 Haec
305 409 474 460 aliquis,
506 408 646 447 vidisse
681 421 806 460 nega:
839 422 914 448 neu
947 411 1069 461 gratia
1103 410 1203 448 sacto

169 466 280 506 Nulla
313 467 582 519 rependatur,
613 467 773 506 nitidam
807 480 901 519 cape
934 469 1104 519 praemia
1136 465 1330 520 vaccam,'

81 534 149 567 695
167 524 218 565 Et
249 525 383 565 dedit.
422 531 579 577 accepta
612 537 726 564 voces
759 526 827 565 has
860 527 1059 579 reddidit,
1091 524 1272 578 ‘hospes,

168 584 293 624 Tutus
325 596 390 623 eas
410 615 419 623 .
456 584 554 635 lapis
586 585 658 624 iste
692 586 802 636 prius
835 591 898 624 tua
932 586 1034 624 furta
1066 583 1263 636 loquetur'

168 641 218 682 Et
248 642 414 694 lapidem
447 643 644 682 ostendit.
683 643 840 682 simulat
871 643 958 682 love
992 650 1104 682 uatus
1136 643 1267 694 abire,

169 700 257 740 Mox
289 701 391 740 redit
423 707 462 740 et
489 713 598 740 versa
630 703 777 752 pariter
810 714 898 741 cum
926 715 1017 741 voce
1051 703 1173 753 figura

169 756 344 799 ‘Rustice
364 791 376 812 ,
407 759 537 799 vidisti
569 761 700 811 siquas
732 760 805 799 hoc
837 757 974 800 limite'
1007 761 1103 799 dixit

82 825 148 858 ‘100
175 815 251 857 ‘Ire
284 817 432 870 boves,
464 819 523 857 ser
549 830 664 870 opem
683 850 693 870 ‚
726 819 910 870 furtoque
943 819 1094 858 silentia
1125 819 1261 858 deme:

168 876 305 916 Iuncta
337 889 408 916 suo
440 878 587 928 pariter
618 877 774 916 dabitur
806 877 875 916 tibi
908 878 1049 916 semina
1081 883 1191 916 tauro
1208 874 1231 915 .'

168 937 218 974 At
249 937 410 988 senior,
441 942 648 987 postquam
680 941 740 974 est
770 947 922 974 merces
954 937 1145 987 geminata
1164 967 1175 986 ,
1208 933 1295 974 ‘sub
1317 934 1391 975 illis

168 990 382 1032 Montibus'
415 995 543 1044 inquit
563 990 695 1033 ‘erunt
714 991 738 1045 ς’
772 1000 811 1032 et
843 1000 954 1033 erant
974 993 1047 1033 sub
1069 993 1268 1033 montibus
1293 993 1367 1032 illis
1382 1025 1391 1033 .

169 1051 271 1091 Risit
301 1051 540 1091 Atlantiades
573 1058 612 1091 et
644 1049 720 1091 eme
754 1053 877 1105 mihi,
909 1053 1056 1104 perfide
1076 1083 1087 1104 ,
1119 1050 1286 1104 prodis?

83 1117 148 1150 705
169 1110 229 1149 Me
262 1110 356 1150 mihi
387 1111 520 1164 prodis
539 1108 575 1149 ‘?'
609 1112 662 1150 ait
692 1113 928 1162 periuraque
960 1117 1120 1162 pectora
1145 1112 1263 1149 vertit

169 1169 212 1208 In
244 1169 387 1208 durum
418 1169 566 1208 silicem
585 1200 596 1222 ,
628 1171 695 1220 qui
728 1181 832 1208 nunc
864 1182 1020 1220 quoque
1054 1169 1196 1208 dicitur
1228 1168 1367 1208 index:

170 1227 292 1278 Inque
325 1227 420 1266 nihil
452 1229 591 1266 merito
624 1234 735 1266 vetus
768 1234 828 1266 est
859 1229 1015 1266 infamia
1048 1239 1162 1266 sam.

228 1285 328 1325 Hinc
359 1298 401 1325 se
433 1285 646 1325 sustulerat
677 1285 836 1337 paribus
870 1285 1074 1325 Caducifer
1106 1285 1199 1325 alis:

170 1344 479 1395 Munychiosque
512 1344 643 1383 volans
676 1356 790 1395 agros
821 1351 1047 1395 gratamque
1081 1343 1274 1382 Minervae

83 1410 149 1442 710
170 1402 427 1455 Despectabat
458 1402 620 1442 humum
652 1403 825 1454 cultique
859 1402 1017 1441 arbusta
1048 1402 1186 1453 Lycei.

170 1460 235 1500 illa
268 1462 368 1501 forte
400 1461 462 1500 die
495 1467 622 1500 castae
655 1462 702 1500 de
735 1473 843 1500 more
876 1461 1025 1512 puellae

169 1518 325 1559 Vertice
356 1518 559 1571 subposito
593 1520 711 1559 festas
743 1521 783 1559 in
814 1519 980 1559 Palladis
1012 1531 1122 1559 arces

170 1577 273 1618 Pura
306 1579 502 1618 coronatis
533 1578 742 1630 portabant
773 1590 884 1617 sacra
917 1579 1121 1617 canistris.

171 1635 264 1676 Inde
299 1642 542 1676 revertentes
575 1636 672 1676 deus
704 1638 844 1688 aspicit
875 1636 983 1689 ales,
1015 1638 1169 1687 iterque

83 1702 149 1734 715
171 1695 255 1734 Non
288 1697 367 1747 agit
390 1697 431 1734 in
463 1701 616 1734 rectum
635 1727 646 1747 ,
678 1696 745 1734 sed
777 1698 817 1734 in
855 1695 991 1734 orbem
1029 1700 1164 1734 curvat
1201 1693 1392 1734 eundem.

171 1753 222 1793 Ut
253 1754 422 1793 volucris
453 1755 546 1793 visis
579 1754 823 1805 rapidissima
855 1753 997 1792 miluus
1030 1754 1153 1804 extis,

170 1811 270 1852 Dum
302 1813 414 1851 timet
444 1818 484 1851 et
515 1812 626 1851 densi
658 1814 915 1851 circumstant
946 1823 1055 1850 sacra
1087 1812 1280 1863 ministri,

170 1870 360 1910 Flectitur
391 1872 431 1910 in
464 1882 603 1922 gyrum
626 1902 637 1923 ‚
669 1883 742 1910 nec
775 1871 926 1922 longius
958 1870 1075 1908 audet
1106 1869 1237 1921 abire,

172 1929 368 1981 Spemque
400 1941 510 1968 suam
543 1931 657 1968 motis
690 1929 823 1968 avidus
856 1928 1108 1967 circumvolat
1139 1927 1228 1967 alis:

84 1995 151 2027 720
172 1987 237 2027 Sic
269 1999 389 2039 super
419 1988 581 2026 Actaeas
613 1987 722 2038 agilis
756 1987 950 2038 Cyllenius
983 1998 1094 2025 arces

171 2045 338 2085 Inclinat
369 2058 510 2085 cursus
542 2052 581 2085 et
613 2046 769 2085 easdem
801 2047 965 2084 circinat
997 2057 1134 2084 auras.

172 2103 327 2150 Quanto
358 2104 598 2156 splendidior
631 2115 745 2155 quam
773 2109 903 2142 cetera
935 2103 1062 2143 sidera
1094 2103 1218 2154 fulget

171 2162 359 2215 Lucifer,
391 2169 430 2201 et
462 2169 607 2213 quanto
640 2169 677 2201 te
696 2194 707 2214 ,
739 2162 926 2214 Lucifer,
959 2173 1075 2201 aurea
1106 2161 1287 2201 Phoebe:

171 2221 295 2261 Tanto
327 2221 543 2272 virginIbus
575 2222 835 2272 praestantior
867 2220 1048 2260 omnibu-s
1080 2219 1204 2259 Herse

84 2286 149 2318 725
171 2278 255 2319 lbat
286 2286 447 2331 eratque
480 2279 601 2318 decus
632 2291 796 2331 pompae
828 2281 1093 2330 comitumque
1126 2290 1309 2318 suarum.

171 2337 371 2389 Obstipuit
403 2338 527 2377 forma
558 2337 647 2377 Iove
679 2345 792 2377 natus
811 2369 823 2391 ,
855 2345 894 2377 et
926 2338 1084 2377 aethere
1116 2337 1292 2388 pendens
