1527 2580
530 133 560 167 V
581 161 588 176 ,
616 132 783 168 649—V1
801 160 810 177 ,
835 137 902 168 40.
1025 146 1180 167 amenus
1305 132 1382 173 107

165 242 332 282 Numina
364 255 436 282 nec
468 244 600 294 sperni
634 245 716 282 sine
750 255 873 294 poena
907 248 1037 281 nostra
1072 240 1259 280 sinamus'

120 309 145 341 ὁ
165 301 442 352 Maeoniaeque
475 302 646 340 animum
680 302 767 340 satis
799 301 965 340 intendit
996 300 1216 351 Arachnes,

166 359 291 405 Quam
322 359 396 398 sibi
428 359 600 398 lanificae
633 371 709 398 non
737 359 875 398 cedere
909 358 1086 397 laudibus
1119 359 1211 397 artis

167 417 380 457 Audierat.
420 430 496 456 non
529 417 591 456 illa
623 417 708 456 loco
741 430 811 456 nec
844 419 992 468 origine
1025 418 1151 468 gentis

167 476 307 528 Clara,
339 476 408 515 sed
441 482 524 514 arte
558 476 659 515 suit.
698 483 807 526 pater
839 475 929 514 huic
961 475 1224 526 Ctdophonius
1253 474 1383 513 Idmon

166 534 356 574 Phocaico
388 533 541 574 bibulas
573 534 774 585 tinguebat
807 536 954 573 murice
988 534 1116 572 lanas:

103 601 147 633 ιο
168 592 376 632 Occiderat
406 599 560 644 mater;
592 592 660 632 sed
693 599 733 631 et
764 592 857 631 haec
889 592 935 630 de
969 592 1079 643 plebe
1113 603 1261 641 suoque

166 652 298 702 Aequa
329 653 412 691 viro
446 653 600 690 suerat.
639 650 763 702 Lydas
796 657 923 690 tamen
957 650 1016 688 illa
1050 662 1119 701 per
1152 650 1268 688 nrbes

168 709 398 756 Quaesierat
429 710 558 748 studio
591 721 732 748 nomen
766 709 1015 748 memorabile
1035 740 1045 760 ,
1078 710 1251 759 quamvis

166 767 260 807 Orta
292 767 406 807 domo
439 780 554 819 parva
586 769 716 819 parvis
747 767 945 806 habitabat
975 766 1191 819 Hypaepis.

167 826 291 865 lluius
323 833 367 866 ut
398 828 620 878 aspicerent
651 838 749 878 opus
782 825 1005 865 admirabile
1024 857 1034 877 ,
1061 837 1174 876 saepe

102 892 146 924 ιδ
169 885 387 924 Deseruere
418 887 480 924 sui
512 884 703 936 nymphae
736 886 863 924 vineta
895 883 1059 935 Timoli,

166 943 385 983 Deseruere
418 955 508 982 suas
539 943 730 995 nymphae
762 942 980 982 Pactolides
1014 942 1159 980 undas.

165 1001 246 1041 Nec
279 1002 399 1040 factas
431 1001 557 1040 solum
590 1007 718 1040 vestes
750 1006 928 1052 spectare
960 1000 1136 1050 iuvabat3

165 1060 265 1099 Tum
299 1072 455 1111 quoqne
474 1091 485 1112 ,
517 1072 605 1099 cum
639 1060 806 1098 fierent:
838 1064 970 1098 tantus
1002 1058 1120 1097 decor
1153 1058 1261 1096 affuit
1294 1057 1387 1096 arti.

168 1118 257 1157 Sive
289 1118 428 1158 rudem
460 1120 608 1169 primos
635 1117 759 1157 lanam
791 1116 1031 1169 glomerabat
1061 1118 1099 1155 in
1132 1116 1271 1166 orbes,

98 1185 147 1216 πο
168 1176 245 1216 Seu
278 1176 409 1228 digitis
442 1176 647 1227 subigebat
679 1188 777 1228 opus
796 1207 807 1228 ‚
839 1177 1082 1226 repetitaque
1116 1175 1229 1225 longo

170 1234 319 1274 Vellera
351 1234 525 1274 mollibat
556 1234 719 1273 nebulas
751 1235 955 1285 aequantia
990 1239 1138 1284 tractu,

169 1293 258 1332 Sive
290 1293 364 1332 levi
396 1299 561 1332 teretem
594 1292 773 1332 versabat
803 1292 942 1344 pollice
975 1292 1129 1342 susum,

169 1352 247 1391 Seu
279 1351 464 1404 pingebat
495 1363 596 1391 acu:
628 1353 751 1390 scires
783 1363 802 1390 a
835 1350 987 1389 Pallade
1020 1350 1195 1388 doctam.

169 1410 279 1456 Quod
313 1416 442 1449 tamen
474 1411 555 1461 ipsa
589 1416 738 1462 negat,
770 1415 955 1459 tantaque
988 1408 1132 1446 offensa
1166 1409 1346 1458 magistra

101 1477 148 1508 25
170 1466 333 1508 ‘Certet’
366 1470 420 1507 ait
441 1465 610 1507 ‘mecum
632 1482 641 1507 ε
674 1467 768 1507 nihil
801 1475 861 1506 est
879 1498 890 1519 ,
922 1467 1024 1517 quod
1051 1468 1149 1505 victa
1171 1478 1348 1505 recusem
1366 1461 1390 1504 .’

170 1527 296 1566 Pallas
328 1539 444 1566 anum
478 1526 669 1578 simulat,
694 1526 890 1577 salsosque
922 1526 961 1564 in
995 1531 1168 1575 tempora
1203 1536 1318 1563 canos

169 1585 285 1625 Addit
316 1592 356 1625 et
385 1586 590 1638 infirmos,
621 1585 833 1636 baculum,
866 1583 967 1635 quod
1001 1584 1166 1622 sustinet
1200 1590 1330 1621 artus.

169 1644 269 1683 Tum
303 1646 360 1683 sic
392 1656 480 1683 orsa
511 1644 647 1695 loqui:
681 1641 773 1682 ‘non
806 1643 934 1681 omnia
960 1641 1143 1692 grandior
1175 1649 1303 1692 aetas,

170 1703 277 1748 Quae
312 1704 506 1754 fugiamus
525 1733 537 1754 ,
567 1701 713 1741 habet.
752 1702 852 1740 seris
883 1702 989 1739 venit
1020 1711 1116 1738 usus
1148 1698 1194 1737 ab
1227 1700 1358 1737 annis.

101 1769 150 1800 3ο
170 1760 384 1800 Consilium
416 1771 465 1799 ne
497 1770 639 1812 sperne
671 1772 801 1799 meum
821 1789 830 1798 .
866 1757 939 1798 tihi
971 1759 1069 1797 sama
1101 1763 1256 1809 petatur

172 1819 280 1859 lnter
311 1819 496 1859 mortales
528 1818 726 1858 faciendae
758 1818 922 1857 maxima
954 1816 1085 1867 lanae;

170 1877 275 1918 Cede
305 1877 401 1918 deae
419 1908 432 1931 ‚
462 1878 692 1929 veniamque
723 1871 831 1928 uiis,
862 1876 1068 1914 temeraria
1087 1906 1099 1926 ,
1130 1873 1245 1913 dictis

171 1935 356 1988 Supplice
387 1947 481 1975 voce
512 1948 637 1987 roga:
668 1936 818 1974 veniam
850 1933 956 1972 dabit
981 1933 1044 1972 illa
1076 1934 1227 1983 roganti
1245 1930 1267 1970 .'

171 1996 321 2046 Aspicit
350 1994 450 2034 hanc
481 1996 602 2034 torvis
621 2026 632 2046 ‚
663 1995 895 2045 inceptaque
927 1991 988 2030 fila
1020 1990 1229 2043 relinquit,

102 2062 150 2093 35
171 2052 320 2104 Vixque
351 2065 509 2092 manum
542 2054 716 2091 retinens
735 2083 746 2103 ,
778 2051 1037 2101 confessaque
1069 2048 1240 2089 vultibus
1272 2050 1368 2088 iram

171 2110 331 2150 Talibus
364 2111 572 2150 obscuram
603 2116 783 2150 resecuta
815 2115 875 2148 est
905 2107 1058 2147 Pallada
1090 2108 1228 2147 dictis:

173 2167 328 2209 ‘Mentis
360 2171 473 2221 inops
504 2169 696 2221 longaque
728 2169 836 2207 venis
869 2167 1045 2206 confecta
1077 2171 1258 2218 senecta,

172 2228 221 2267 Et
253 2229 416 2267 nimium
447 2229 589 2267 vixisse
622 2228 687 2266 diu
720 2231 864 2266 nocet.
903 2225 1032 2265 audiat
1062 2226 1181 2277 istas,

174 2286 293 2338 Siqua
324 2286 395 2326 tibi
428 2298 553 2326 nurus
586 2292 673 2337 est,
706 2287 817 2336 siqua
848 2290 910 2324 est
940 2283 1010 2323 tibi
1042 2283 1117 2322 filia
1136 2315 1147 2336 ‚
1179 2295 1316 2322 voces.

104 2354 152 2386 40
172 2344 332 2385 Consilii
364 2347 457 2385 satis
490 2350 549 2384 est
579 2346 620 2384 in
652 2355 713 2382 me
747 2342 839 2382 mihi
860 2374 869 2383 .
907 2354 1003 2382 neve
1035 2342 1229 2381 monendo
