1554 2506
127 94 178 134 72
326 105 528 128 muco-mon
670 87 885 124 METAMM
900 115 908 122 .

240 203 374 243 Gentis
406 201 624 242 odoriferae
656 211 771 250 quam
804 199 1085 237 formosissima
1115 203 1229 250 partu

153 271 220 302 210
239 261 371 301 Edidit
401 260 652 311 Eurynome.
691 257 759 296 sed
791 262 1000 308 postquam
1031 256 1108 295 filia
1139 258 1284 308 crevit,

241 321 364 366 Quam
394 323 518 358 mater
549 320 710 356 cunctas
728 347 740 369 ‚
770 321 847 354 tam
881 321 1046 354 matrem
1076 313 1153 353 filia
1182 316 1295 353 vicit.

239 378 354 418 Rexit
384 376 662 416 Achaemenias
694 372 813 413 urbes
844 379 956 425 pater
988 372 1235 425 Orchamus,
1266 374 1378 423 isque

240 437 289 476 Se
320 438 438 475 timus
470 446 490 472 a
520 434 651 485 prisco
683 438 914 472 numeratur
945 433 1095 483 origine
1127 430 1242 470 Belo.

239 495 269 534 A
298 507 319 533 e
351 492 424 532 sub
455 491 647 543 Hesperio
680 496 772 530 sunt
801 502 945 543 pascua
978 489 1079 529 Solis
1111 501 1327 541 equorum:

154 560 220 592 215
241 552 484 592 Ambrosiam
514 562 585 602 pro
618 551 793 601 gramine
825 548 998 588 hahent.
1037 560 1082 587 ea
1113 549 1215 587 fessa
1246 547 1397 587 diurnis

239 609 412 650 Membra
444 609 674 648 ministeriis
706 609 832 647 nutrit
862 613 1098 658 reparatque
1131 606 1277 646 labori.

239 669 418 720 Dumque
449 666 505 707 ibi
537 666 810 718 quadrupedes
843 665 1023 705 caelestia
1056 664 1195 717 pabula
1226 670 1416 717 carpunt,

238 728 401 779 Noxque
432 727 557 766 vicem
588 727 769 778 peragit,
801 724 988 764 thalamos
1030 723 1127 763 deus
1165 725 1286 763 intrat
1315 729 1462 763 amatos

239 786 384 825 Versus
415 786 456 824 in
488 784 734 836 Eurynomes
765 783 904 822 faciem
935 783 1148 834 genetricis
1166 813 1177 834 ,
1209 787 1249 821 et
1278 783 1381 822 inter

154 854 220 886 220
239 845 305 884 Bis
337 856 406 883 sex
438 842 691 882 Leucothoen
723 841 885 881 famulas
918 841 964 880 ad
996 840 1142 880 lumina
1174 841 1301 880 cernit

241 903 357 943 Levia
389 907 541 941 versato
574 900 785 940 ducentem
817 901 981 939 stamina
1013 900 1122 938 fuso.

241 961 345 1012 Ergo
377 960 445 1000 ubi
477 972 550 1000 ceu
582 965 708 999 mater
739 970 851 999 carae
884 958 992 997 dedit
1023 957 1155 996 oscula
1182 963 1318 1011 natae,

240 1016 365 1059 “Res'
397 1021 450 1058 ait
481 1016 637 1058 ‘arcana
669 1023 757 1057 est.
796 1016 959 1056 famulae
978 1048 990 1069 ‚
1021 1016 1210 1055 discedite
1229 1048 1240 1068 ,
1273 1029 1367 1054 neve

242 1079 394 1130 Eripite
426 1076 632 1117 arbitrium
664 1077 780 1115 matri
811 1080 964 1114 secreta
994 1074 1180 1126 loquendi
1194 1071 1235 1114 .”

154 1145 219 1178 225
240 1137 485 1177 Paruerant.
524 1135 772 1185 thalamoque
803 1133 900 1173 deus
932 1134 1017 1172 sine
1049 1138 1149 1172 teste
1181 1133 1318 1172 relicto

241 1193 339 1234 “Ille
372 1206 443 1246 ego
476 1206 562 1233 sum
580 1190 608 1245 ‚'
640 1193 737 1232 dixit
767 1189 852 1243 ‘qui
882 1191 1042 1243 longum
1073 1192 1213 1231 metior
1244 1203 1412 1244 annum,

242 1254 381 1293 Omnia
412 1254 479 1303 qui
509 1252 621 1291 video
640 1283 651 1303 ‚
682 1263 753 1303 per
785 1262 902 1302 quem
932 1250 1038 1289 videt
1069 1251 1196 1289 omnia
1228 1250 1367 1303 tellus,

241 1311 375 1352 Mundi
405 1310 570 1350 oculus.
609 1310 733 1362 mihi,
765 1309 880 1348 crede
900 1341 911 1361 ‚
943 1308 1072 1360 places
1093 1305 1134 1348 .''
1171 1314 1286 1361 pavet
1315 1308 1402 1362 illa,

1279 1373 1465 1419 metuque

243 1429 292 1469 Et
323 1429 432 1468 colus
464 1434 504 1468 et
535 1429 647 1468 fusus
678 1427 809 1479 digitis
842 1427 1020 1466 cecidere
1051 1428 1248 1466 remissis.

156 1488 330 1540 2301pse
363 1489 481 1527 timor
513 1486 672 1526 decuit.
712 1498 784 1525 nec
816 1485 970 1537 longius
1002 1485 1066 1524 ille
1097 1491 1272 1524 moratus

244 1546 288 1586 In
319 1558 451 1585 veram
482 1545 599 1584 rediit
630 1545 798 1597 faciem,
831 1544 1067 1595 solitumque
1099 1545 1291 1583 nitorem:

244 1603 311 1655 [At
341 1606 451 1656 virgo
470 1635 481 1657 ,
512 1605 688 1655 quamvis
719 1604 878 1655 inopino
911 1604 1048 1642 territa
1079 1603 1164 1641 visu
1178 1601 1206 1655 ,]

245 1662 355 1702 Victa
385 1664 514 1701 nitore
546 1662 609 1701 dei
640 1663 766 1714 posita
797 1663 874 1700 vim
905 1672 1019 1713 passa
1049 1660 1223 1712 querella
1255 1667 1337 1700 est.

248 1721 390 1761 Invidit
420 1720 572 1773 Clytie3
605 1732 732 1772 neque
765 1721 870 1759 enim
900 1719 1125 1758 moderatus
1157 1721 1197 1758 in
1227 1719 1290 1757 illa

157 1787 222 1820 235
244 1780 344 1819 Solis
375 1791 484 1819 amor
516 1779 672 1818 suerat:
703 1778 976 1830 stimulataque
1008 1778 1168 1829 paelicis
1198 1778 1256 1816 ira

243 1838 383 1889 Vulgat
413 1837 678 1891 adulterium,
710 1837 1028 1887 diffamatumque
1060 1837 1214 1888 parenti

245 1896 420 1936 Indicat.
457 1896 522 1936 ille
555 1897 665 1935 ferox
695 1897 1302 1946 inmansuetusquffprecantem

245 1955 567 2006 Tendentemque
598 1966 737 1994 manus
769 1954 815 1993 ad
846 1954 993 1993 lumina
1027 1953 1127 1992 Solis
1159 1958 1199 1992 et
1230 1949 1326 1991 “ille

244 2011 329 2052 Vim
361 2013 451 2053 tulit
479 2010 654 2052 invitae’'
688 2013 884 2052 dicentem
915 2011 1060 2051 defodit
1094 2011 1169 2051 alta

158 2080 224 2111 2240
245 2071 399 2110 Crudus
421 2072 539 2110 humo
552 2103 563 2124 ,
583 2071 858 2123 tumulumque
879 2083 998 2123 super
1018 2071 1145 2122 gravis
1159 2069 1266 2109 addit
1279 2069 1466 2108 harenae.

246 2130 415 2180 Dissipat
446 2130 550 2169 hunc
584 2131 702 2169 radiis
734 2130 958 2181 Hyperione
989 2134 1104 2168 natus
1122 2160 1134 2182 ,
1165 2130 1320 2179 iterque

245 2187 316 2227 Dat
346 2187 418 2227 tihi
436 2219 447 2240 ‚
480 2200 554 2239 qua
585 2190 714 2239 possis
746 2189 924 2227 defossos
956 2199 1139 2239 promere
1170 2187 1324 2238 vultus3

245 2246 325 2285 Nec
357 2251 400 2284 tu
431 2248 507 2284 iam
538 2252 695 2297 poteras
728 2252 911 2286 enectum
936 2246 1111 2298 pondere
1142 2250 1270 2285 terrae

244 2303 396 2343 Tollere
412 2335 422 2355 ,
448 2304 638 2356 nympha,
666 2310 809 2357 caput,
836 2316 1060 2356 corpusque
1081 2315 1276 2354 exsangue
1296 2302 1465 2342 iacebas.
