1527 2580
582 146 628 181 V1
645 173 656 189 ,
681 150 866 182 saa-624
881 175 888 181 .
1002 160 1195 184 emmonem
1319 148 1398 190 123

181 254 303 295 Nocte
337 262 448 295 sonat
479 255 667 309 Rhodope
699 257 904 296 tinnitibus
937 259 1036 296 aeris
1070 259 1196 297 acuti:

94 321 162 354 590
181 313 304 354 Nocte
336 327 406 354 sua
437 321 499 354 est
529 327 684 367 egressa
716 315 830 355 domo
863 317 995 367 regina
1014 348 1024 368 ‚
1056 316 1196 367 deique

182 372 338 412 Ritibus
369 375 580 413 instruitur
598 406 609 427 ,
642 374 870 425 furialiaque
903 376 1043 426 accipit
1074 386 1203 414 arma:

183 431 267 471 Vite
300 438 419 484 caput
449 434 625 485 tegitur,
656 432 767 472 lateri
799 435 953 472 cervina
986 435 1146 472 sinistro

183 489 333 530 Vellera
363 490 614 543 dependent,
646 503 783 530 umero
816 491 909 530 levis
940 491 1100 531 incubat
1130 491 1261 531 hasta.

183 547 344 588 Concita
375 562 447 602 per
479 549 592 589 silvas
624 549 738 588 turba
771 552 980 589 comitante
1013 562 1173 589 suarum

96 615 162 646 595
183 607 389 647 Terribilis
420 607 575 660 Progne
608 609 799 660 furiisque
832 610 972 660 agitata
1004 608 1172 660 doloris,

182 665 333 705 Bacche
352 698 363 719 ‚
394 672 481 706 tuas
513 666 696 706 simulat.
736 669 841 706 venit
872 667 917 705 ad
938 667 1087 706 stabula
1115 669 1196 706 avia
1223 666 1400 719 tandem,

181 723 443 776 Exululatque
462 757 473 777 ,
505 725 711 777 euhoeque
743 732 883 778 sonat,
914 731 1126 777 portasque
1158 726 1338 777 refringit

182 783 493 835 Germanamque
525 786 655 837 rapit,
687 790 897 836 raptaeque
930 786 1095 835 insignia
1127 784 1268 823 Bacchi

183 841 343 895 Induit,
374 849 415 882 et
445 842 575 882 vultus
607 843 841 882 hederarum
873 842 1077 882 frondibus
1110 842 1238 895 abdit,

96 908 163 940 600
183 902 474 952 Attonitamque.
508 901 666 940 trahens
697 903 798 941 intra
832 913 901 940 sua
932 904 1084 940 moenia
1116 901 1247 940 ducit.

186 959 234 999 Ut
265 961 389 999 sensit
419 961 594 1011 tetigisse
626 960 784 999 domum
815 959 1027 999 Philomela
1059 959 1287 1011 nefandam,

183 1017 347 1058 Horruit
376 1018 511 1057 infelix
543 1024 704 1070 totoque
739 1018 924 1070 expalluit
954 1031 1045 1057 ore.

184 1076 303 1116 Nacta
333 1076 463 1116 locum
495 1076 648 1129 Progne
682 1089 884 1116 sacrorum
915 1079 1077 1128 pignera
1110 1077 1252 1128 demit,

184 1135 341 1187 Oraque
373 1135 524 1175 develat
554 1138 720 1175 miserae
753 1135 979 1187 pudibunda
1011 1137 1182 1187 sororis,

98 1202 163 1233 605
185 1194 454 1246 Amplexuque
486 1196 611 1246 petit.
650 1194 718 1234 sed
751 1207 828 1233 non
861 1194 1037 1233 attoilere
1070 1199 1205 1233 contra

185 1253 364 1293 Sustinet
394 1252 489 1292 haec
521 1252 655 1292 oculos
674 1285 685 1306 ‚
715 1253 851 1305 paelex
884 1252 958 1292 sibi
989 1254 1068 1291 visa
1100 1253 1271 1291 sororis:

185 1311 422 1363 Deiectoque
453 1313 493 1351 in
525 1311 687 1351 humum
720 1311 828 1351 vultu
859 1313 990 1350 iurare
1022 1310 1167 1350 volenti

183 1370 415 1422 Testarique
450 1370 572 1423 deos,
603 1383 675 1422 per
706 1372 782 1409 vim
815 1369 889 1409 sibi
921 1369 1091 1409 dedecus
1123 1369 1217 1408 illud

187 1429 338 1468 illatum
357 1461 369 1481 ,
401 1441 471 1480 pro
505 1441 598 1468 voce
631 1441 768 1468 manus
801 1429 901 1468 fuit.
941 1428 1080 1480 ardet,
1112 1433 1152 1467 et
1181 1429 1279 1466 iram

98 1496 165 1528 610
185 1488 271 1527 Non
303 1489 407 1539 capit
437 1489 520 1538 ipsa
552 1499 661 1527 suam
693 1487 878 1539 Progne,
910 1486 1124 1537 fletumque
1156 1487 1302 1524 sororis

187 1546 413 1598 Corripiens
446 1543 539 1585 ‘non
572 1552 632 1586 est
662 1546 832 1585 lacrimis
863 1542 953 1584 hoc'
985 1546 1114 1596 inquit
1144 1541 1374 1596 ‘agendum,

186 1604 263 1644 Sed
295 1605 401 1644 ferro
419 1636 431 1657 ‚
462 1605 530 1644 sed
561 1605 689 1656 siquid
722 1604 841 1644 habes
859 1636 870 1657 ‚
902 1603 1006 1656 quod
1037 1605 1193 1642 vincere
1224 1603 1373 1641 ferrum

188 1663 345 1703 Possit.
382 1664 424 1703 in
455 1675 570 1702 omne
603 1664 712 1703 nefas
744 1676 815 1715 ego
847 1675 909 1702 me
929 1695 940 1716 ,
972 1673 1183 1714 germana,
1214 1661 1367 1712 paravi.

186 1723 263 1762 Aut
294 1734 365 1774 ego
384 1753 395 1774 ‚
427 1734 517 1761 cum
549 1722 699 1762 facibus
730 1722 873 1774 regalia
904 1727 1006 1760 tecta
1038 1731 1239 1771 cremaro,

99 1789 165 1820 615
186 1781 386 1820 Artificem
417 1780 556 1820 mediis
587 1782 780 1820 inmittam
810 1780 935 1819 Terea
966 1779 1152 1830 flammis,

186 1841 263 1879 Aut
293 1839 465 1891 linguam
497 1845 564 1878 aut
594 1839 729 1878 oculos
756 1844 796 1878 et
815 1850 913 1890 quae
933 1837 1005 1877 tibi
1024 1836 1199 1876 membra
1218 1835 1409 1888 pudorem

186 1897 473 1950 Abstulerant,
504 1898 609 1937 ferro
641 1899 789 1949 rapiam
807 1929 818 1950 ,
850 1902 916 1936 aut
946 1908 1018 1948 per
1048 1895 1209 1934 vulnera
1240 1894 1344 1934 mille

188 1956 350 1996 Sontem
382 1958 548 1995 animam
581 1956 799 2008 expellam.
838 1966 1021 2006 magnum
1053 1953 1328 2006 quodcumque

1256 2023 1410 2064 paravlz

188 2073 290 2120 Quid
323 2075 402 2127 sit,
434 2073 560 2113 adhuc
592 2073 728 2113 dubito
750 2070 774 2112 .’
811 2073 962 2125 peragit
994 2071 1087 2111 dum
1112 2070 1202 2111 talia
1233 2070 1410 2122 Progne,

101 2141 168 2172 620
188 2133 244 2172 Ad
277 2138 442 2172 matrem
473 2131 655 2172 veniebat
686 2131 792 2183 Itys.
832 2131 925 2182 quid
950 2132 1105 2183 possit,
1136 2129 1184 2169 ab
1215 2129 1281 2168 illo

187 2191 394 2230 Admonita
425 2196 487 2230 est
505 2221 514 2230 .
551 2191 755 2242 oculisque
786 2195 902 2229 tuens
933 2188 1136 2228 inmitibus
1169 2185 1205 2227 ‘a
1223 2219 1234 2239 ,
1267 2198 1381 2240 quam

186 2249 240 2289 Es
271 2249 408 2289 similis
439 2250 542 2301 patri
556 2245 581 2288 ξ’
613 2249 737 2288 dixit.
775 2260 848 2287 nec
878 2248 991 2300 plura
1022 2247 1151 2287 locuta

187 2308 318 2348 Triste
350 2313 462 2360 parat
492 2308 645 2347 facinus
677 2308 871 2358 tacitaque
904 2311 1105 2346 exaestuat
1135 2307 1214 2344 ira.

187 2365 239 2406 Ut
270 2373 399 2406 tamen
431 2368 597 2406 accessit
628 2371 742 2405 natus
762 2397 772 2415 ,
797 2366 991 2418 matrique
1023 2364 1188 2404 salutem
