1527 2580
571 133 643 178 lx,
671 138 854 170 ‹ss—141.
1020 147 1143 170 sessus
1303 133 1382 175 177

79 251 143 284 105
164 242 331 284 Uberior
363 243 476 282 solito
496 275 506 295 ,
539 243 681 283 nimbis
714 244 944 284 hiemalibus
978 251 1138 296 auctus,

164 301 464 354 Verticibusque
497 303 683 353 frequens
716 310 799 342 erat
831 310 945 354 atque
978 304 1176 354 inpervius
1209 303 1354 341 amnis.

164 360 407 412 intrepidum
439 373 510 412 pro
544 373 584 400 se
605 393 615 411 ,
647 373 779 400 curam
813 361 860 400 de
893 363 1056 412 coniuge
1090 367 1267 412 agentem

165 419 313 458 Nessus
345 419 455 472 adit,
486 419 751 471 membrisque
786 420 914 459 valens
942 422 1143 471 scitusque
1175 419 1383 470 vadorum,

166 475 335 517 ‘Officio'
369 490 443 529 que
477 475 579 517 ‘meo
611 480 694 530 ripa
727 481 886 518 sistetur
918 481 956 518 in
990 478 1051 518 illa

78 544 145 576 110
165 536 269 576 Haec
287 533 312 588 ‚’
346 538 398 576 ait
431 534 605 576 ‘Alcide.
647 544 687 576 tu
720 537 868 577 viribus
902 544 1010 577 utere
1044 537 1170 576 nando
1186 534 1209 576 :'

164 595 457 646 Pallenteinque
491 602 628 647 metu,
660 596 898 647 fluviumque
937 598 1143 647 ipsumque
1184 597 1382 635 timentem

164 653 343 692 Tradidit
374 654 521 693 Aonius
554 655 730 706 pavidam
763 654 995 706 Calydonida
1027 654 1174 693 Nesso.

164 711 276 765 Mox,
308 717 353 752 ut
378 719 490 765 erat,
522 713 783 765 pharetraque
804 715 930 766 gravis
959 713 1160 766 spolioque
1186 712 1310 752 leonis
1332 734 1383 739 --

165 770 263 810 Nam
295 770 439 810 clavam
473 778 511 811 et
543 784 683 812 curvos
716 779 823 812 trans
855 774 979 824 ripam
1006 774 1164 811 miserat
1196 783 1310 810 arcus
1334 792 1382 797 —

79 837 145 869 115
167 827 507 881 ‘Quandoquidem
541 833 681 883 coepi,
712 837 950 883 superentur
980 827 1154 870 ssumina’
1187 830 1305 882 dixit,

166 888 247 927 Nec
279 887 459 941 dubitat,
492 901 564 929 nec
582 921 594 941 ‚
627 902 702 941 qua
735 892 785 929 sit
817 890 1144 929 clementissimus
1178 890 1323 939 amniS,

167 946 358 1000 Quaerit,
390 953 430 986 et
461 946 650 999 obsequio
683 948 828 987 deferri
860 950 1011 1000 spernit
1042 960 1253 998 aquarum.

166 1005 324 1057 Iamque
356 1011 496 1045 tenens
527 1008 681 1059 ripam,
713 1009 853 1046 missos
886 1018 975 1046 cum
1008 1006 1162 1045 tolleret
1193 1017 1331 1058 arcus,

167 1063 353 1116 Coniugis
386 1066 542 1116 agnovit
573 1077 736 1105 vocem:
768 1065 971 1116 Nessoque
1004 1066 1155 1117 paranti

80 1131 146 1163 120
167 1122 315 1162 Fallere
349 1122 570 1174 depositum
604 1122 696 1175 equo
723 1130 760 1163 te
793 1121 948 1163 fiducia'
983 1123 1120 1163 clamat

168 1179 287 1220 ‘Vana
312 1182 457 1233 pedum
475 1214 486 1235 ‚
513 1182 680 1222 violente
699 1215 711 1235 ‚
742 1181 883 1234 rapit?
916 1182 984 1222 tibi
1003 1214 1013 1236 ‚
1046 1182 1167 1221 Nesse
1188 1181 1388 1233 biformis,

168 1240 372 1280 Dicimus.
411 1241 580 1294 exaudi,
612 1253 685 1281 nec
717 1253 780 1280 res
812 1242 1004 1293 intercipe
1037 1247 1212 1280 nostras.

169 1298 211 1338 Si
242 1304 280 1338 te
312 1298 417 1338 nulla
449 1301 526 1339 mei
557 1301 776 1340 reverentia
808 1301 955 1352 movit,
987 1305 1026 1339 at
1057 1299 1173 1339 orbes

168 1356 412 1398 Concubitus
444 1360 584 1398 vetitos
615 1365 798 1411 poterant
829 1358 1007 1397 inhibere
1039 1359 1213 1409 paterni.

83 1425 148 1456 125
168 1415 281 1456 Haud
314 1422 442 1456 tamen
476 1418 638 1469 effugies
657 1450 668 1471 ‚
701 1419 876 1469 quamvis
908 1429 980 1468 ope
1013 1416 1100 1455 fidis
1133 1418 1296 1467 equina.

168 1475 337 1514 Vulnere
356 1507 367 1527 ‚
400 1488 478 1515 non
509 1476 675 1528 pedibus
707 1482 744 1515 te
778 1487 997 1526 consequar
1017 1472 1041 1514 .'
1074 1475 1208 1514 ultima
1241 1475 1344 1514 dicta

169 1533 225 1573 Re
257 1533 426 1587 probat,
459 1541 498 1574 et
529 1537 646 1574 missa
679 1535 867 1586 fugientia
902 1540 1009 1586 terga
1041 1536 1180 1585 sagitta

168 1592 345 1632 Traicit.
384 1593 540 1633 extabat
571 1595 721 1633 serrum
753 1594 800 1633 de
832 1599 992 1645 pectore
1026 1593 1244 1632 aduncum.

170 1650 283 1697 Quod
299 1652 414 1691 simul
429 1653 606 1692 evulsum
627 1659 707 1705 est,
727 1653 885 1703 sanguis
906 1664 976 1703 per
992 1658 1201 1702 utrumque
1217 1652 1390 1690 foramen

84 1718 150 1750 130
170 1709 370 1762 Emicuit,
402 1713 546 1750 mixtus
577 1711 741 1750 Lernaei
773 1710 861 1749 tabe
894 1712 1055 1749 veneni.

170 1768 327 1820 Excipit
358 1769 462 1809 hunc
495 1770 666 1809 Nessus:
700 1767 842 1820 ‘neque
876 1770 979 1807 enim
1018 1770 1231 1807 moriemur
1263 1767 1390 1808 inulti’

171 1827 314 1867 Secum
347 1829 427 1881 ait,
460 1835 500 1868 et
531 1828 653 1868 calido
687 1827 873 1867 velamina
906 1828 1025 1866 tincta
1058 1839 1198 1866 cruore

170 1886 242 1926 Dat
273 1898 416 1926 munus
450 1894 582 1938 raptae
614 1887 719 1926 velut
750 1888 952 1925 irritamen
986 1887 1150 1925 amoris.

229 1944 361 1997 Longa
395 1947 468 1985 suit
499 1946 616 1985 medii
649 1957 757 1984 mora
790 1946 1006 1996 temporis:
1044 1950 1206 1995 actaque
1241 1946 1366 1996 magni

84 2011 150 2044 135
171 2004 352 2044 Herculis
384 2005 594 2057 implerant
626 2010 750 2044 terras
783 2003 992 2054 odiumque
1026 2015 1239 2042 novercae.

171 2062 303 2102 Victor
335 2062 381 2102 ab
415 2063 596 2103 Oechalia
629 2063 778 2102 Cenaeo
812 2074 921 2101 sacra
952 2061 1112 2113 parabat

171 2121 266 2161 Vota
298 2121 407 2175 Iovi,
439 2135 529 2162 cum
562 2123 661 2161 sama
693 2122 833 2173 loquax
866 2122 1081 2172 praecessit
1113 2120 1158 2159 ad
1191 2132 1328 2172 aures,

169 2180 351 2221 Deianira
370 2212 381 2234 ‚
413 2187 527 2234 tuas,
561 2193 659 2232 quae
692 2182 793 2220 veris
826 2179 967 2219 addere
1001 2179 1094 2218 falsa

171 2239 351 2293 Gaudet,
384 2246 423 2279 et
455 2253 474 2279 e
508 2242 668 2279 minimo
701 2251 770 2278 sua
803 2251 873 2291 per
905 2238 1105 2278 mendacia
1139 2239 1304 2289 crescit,

85 2306 150 2339 140
169 2299 543 2351 Amphitryoniaden
577 2298 675 2338 Ioles
707 2297 846 2337 ardore
880 2299 1028 2337 teneri.

171 2357 305 2400 Credit
336 2370 497 2411 amans,
529 2359 761 2410 venerisque
795 2368 914 2396 novae
946 2358 1157 2410 perterrita
1190 2356 1287 2394 sama

122 2431 239 2459 ovn).
259 2431 311 2459 Π.
1069 2427 1110 2458 12
