1554 2506
138 99 217 140 122
351 113 545 136 nunonem
682 100 895 135 METAMM
911 127 918 135 .

250 209 381 250 Vincla
413 213 493 262 pati
525 212 655 262 cogit.
694 210 870 262 iugulum
902 209 1113 251 Philomela
1145 211 1328 264 parabat,

250 268 446 321 Spemque
479 282 570 308 suae
603 271 739 308 mortis
771 270 852 308 viso
885 276 1118 322 conceperat
1143 283 1257 310 ense.

163 328 316 367 5551116
348 329 615 379 indignantem
649 326 708 377 [et
739 339 880 367 nomen
913 330 1035 380 patris
1067 341 1192 380 usque
1225 334 1427 369 vocantem

249 387 557 437 Luctantemque
589 385 714 437 loqui]
747 398 1017 438 comprensam
1050 388 1198 440 forcipe
1229 387 1398 440 linguam

248 447 278 484 Α
307 445 420 484 stulit
450 457 543 484 ense
576 445 688 484 itero.
728 443 855 496 [radix
888 447 1005 485 micat
1035 445 1170 486 ultima
1203 446 1380 499 linguae,

249 504 277 554 11
293 507 334 543 sa
365 506 494 556 iacet,
526 509 734 555 terraeque
766 512 938 543 tremens
970 506 1233 544 inmurmurat
1264 511 1392 544 atrae.

248 562 377 613 thue
410 562 524 601 salire
556 562 655 602 solet
686 562 884 602 mutilatae
917 563 1037 603 cauda
1069 563 1276 617 colubrae,

161 629 226 661 560
247 621 440 673 palpitat,
474 626 513 660 et
543 622 714 660 moriens
747 622 925 661 dominae
956 623 1117 673 vestigia
1150 624 1303 674 quaerit
1317 621 1344 673 .]

247 679 330 718 Hoc
368 691 524 731 quoque
561 685 651 732 post
689 681 838 719 facinus
871 702 925 708 —
959 682 1020 719 vix
1059 682 1182 720 ausim
1220 681 1382 721 credere
1416 703 1464 709 —

1132 740 1258 779 fertur

249 797 372 849 Saepe
405 810 475 837 sua
506 798 679 837 lacerum
711 799 903 850 repetisse
935 797 1094 837 libidine
1127 810 1294 850 corpus.

249 855 427 896 Sustinet
457 857 503 896 ad
535 856 716 909 Prognen
748 862 838 908 post
868 856 956 903 talia
989 858 1089 896 sacta
1120 858 1287 909 reverti,

249 914 422 966 Coniuge
455 928 553 966 quae
584 917 665 955 viso
698 927 921 968 germanam
955 917 1135 967 quaerit.
1174 921 1213 954 at
1242 915 1306 955 ille

159 980 227 1013 565
248 972 317 1012 Dat
351 975 518 1025 gemitus
549 975 660 1014 fictos
679 1006 690 1027 ,
722 980 1019 1025 commentaque
1052 975 1189 1013 funera
1221 980 1376 1027 narrat3

248 1032 297 1071 Et
328 1032 508 1072 lacrimae
541 1034 670 1072 fecere
703 1032 846 1072 fidem.
885 1033 1073 1072 velamina
1100 1032 1253 1084 Progne

250 1091 391 1143 Diripit
422 1104 469 1130 ex
501 1093 647 1131 umeris
680 1104 774 1130 auro
807 1091 994 1143 fulgentia
1030 1091 1129 1144 lato,

248 1149 505 1201 induiturque
538 1156 640 1189 atras
666 1156 794 1189 vestes
812 1182 822 1202 ‚
855 1156 894 1188 et
924 1152 1037 1190 inane
1071 1149 1323 1201 sepulchrum

249 1208 489 1261 Constituit,
520 1209 706 1260 falsisque
737 1208 888 1260 piacula
920 1208 1098 1248 manibus
1130 1209 1272 1261 infert,

161 1274 228 1307 570
254 1267 303 1306 Et
333 1267 441 1318 luget
472 1280 550 1306 non
582 1269 638 1307 sic
670 1267 859 1319 lugendae
892 1267 968 1306 sata
1000 1268 1170 1307 sororis.

249 1326 365 1377 Signa
398 1326 494 1365 deus
521 1326 579 1365 bis
612 1339 679 1365 sex
712 1332 796 1366 acto
830 1327 1062 1365 lustraverat
1093 1338 1216 1366 anno.

250 1384 349 1430 Quid
383 1385 497 1424 faciat
526 1385 738 1424 Philomela
758 1383 779 1424 ‘P
812 1386 940 1436 fugam
973 1384 1148 1424 custodia
1181 1384 1347 1425 claudit:

251 1443 407 1483 Structa
435 1445 564 1495 rigent
594 1443 716 1482 solido
749 1443 992 1483 stabulorum
1025 1445 1176 1483 moenia
1210 1455 1324 1483 saxo:

249 1502 302 1542 Os
334 1508 485 1541 mutum
518 1503 609 1541 facti
640 1508 747 1542 caret
777 1502 934 1542 indice.
972 1502 1116 1554 grande
1149 1501 1294 1541 doloris

161 1569 227 1600 575
247 1560 451 1612 Ingenium
484 1568 576 1614 est,
607 1562 840 1612 miserisque
871 1563 978 1600 venit
1008 1561 1178 1600 sollertia
1211 1560 1329 1600 rebus

250 1619 422 1659 Stamina
453 1619 656 1659 barbarica
687 1619 892 1672 suspendit
921 1619 1075 1658 Pallade
1107 1619 1230 1671 telae,

249 1678 554 1730 Purpureasque
586 1684 698 1718 notas
730 1679 804 1718 filis
837 1678 1003 1717 intexuit
1034 1678 1154 1731 albis,

250 1737 440 1777 indicium
472 1738 661 1790 sceleris3
693 1738 945 1789 perfectaque
978 1737 1137 1776 tradidit
1168 1738 1260 1790 uni,

248 1795 377 1847 thue
410 1797 510 1835 ferat
541 1796 719 1835 dominae
751 1802 863 1848 gestu
895 1803 1007 1847 rogat
1037 1796 1128 1835 illa.
1167 1801 1300 1847 rogata

162 1862 229 1894 580
249 1855 418 1894 Pertulit
449 1855 493 1894 ad
526 1855 707 1907 Prognen
727 1887 737 1907 ‚
769 1867 842 1894 nec
873 1856 947 1894 scit
964 1886 975 1907 ‚
1009 1854 1101 1906 quid
1142 1854 1267 1894 tradat
1298 1855 1337 1893 in
1370 1851 1473 1893 illis„

249 1913 400 1953 Evolvit
430 1919 558 1953 vestes
591 1915 695 1953 saevi
726 1920 901 1953 matrona
935 1914 1119 1966 tyraffii}

250 1973 542 2024 Germanaeque
576 1984 668 2012 suae
701 1984 858 2012 carmen
891 1971 1112 2011 miserabile
1143 1971 1260 2023 legit,

250 2030 298 2069 Et
330 2053 382 2059 ——
417 2033 558 2071 mirum
591 2033 765 2084 potuisse
787 2053 842 2059 —
863 2031 980 2070 silet.
1019 2030 1130 2070 dolor
1149 2042 1237 2070 orsa
1259 2029 1470 2082 repressit,

248 2088 452 2140 Verbaque
486 2092 690 2142 quaerenti
723 2091 816 2129 satis
846 2089 1089 2141 indignantia
1119 2089 1273 2141 linguae

162 2155 227 2188 585
248 2148 494 2188 Defuerunt.
534 2161 607 2188 nec
632 2149 727 2188 flere
760 2153 896 2201 vacat,
928 2149 996 2188 sed
1029 2149 1164 2199 fasque
1196 2147 1383 2199 nefasque

249 2207 468 2246 Confusura
501 2209 609 2260 ruit,
640 2219 869 2259 poenaeque
901 2208 940 2246 in
973 2208 1140 2258 imagine
1172 2211 1252 2246 tota
1278 2212 1360 2245 est.

306 2266 478 2317 Tempus
512 2271 624 2318 erat,
658 2278 734 2317 quo
769 2278 878 2306 sacra
911 2265 1039 2305 solent
1069 2266 1269 2305 trieterica
1301 2263 1441 2304 Bacchi

249 2324 448 2364 Sithoniae
481 2323 680 2363 celebrare
713 2337 867 2365 nurus:
900 2336 976 2364 nox
1009 2325 1164 2364 conscia
1196 2324 1341 2363 sacris.
