1554 2506
111 84 189 126 130
363 98 478 120 >mum
656 84 868 120 METAMM
884 113 891 120 .

224 194 376 234 Ducere
409 200 448 234 et
479 196 678 233 insuetum
711 195 816 233 ferro
848 195 1102 246 proscindere
1135 208 1336 249 campum.

137 261 203 293 120
222 253 414 292 Mirantur
447 252 607 292 Colchi:
638 252 789 304 Minyae
822 252 1057 293 clamoribus
1089 262 1234 306 augent

223 311 482 362 Adiciuntque
516 312 693 349 animos.
733 310 839 362 galea
872 318 955 351 tum
986 315 1106 352 sumit
1138 318 1233 353 aena

224 369 408 421 Vipereos
442 369 579 408 dentes
604 400 615 422 ,
647 374 687 407 et
718 375 846 408 aratos
879 372 1026 422 spargit
1058 373 1097 410 in
1130 384 1266 423 agros.

224 427 271 467 Se
317 430 379 466 ina
411 427 535 466 mollit
566 427 709 466 humus
742 428 864 467 valido
897 430 1115 480 praetincta
1147 443 1320 484 veneno,

222 441 480 548 Etstrescunt
505 486 681 537 fiuntque
708 488 780 526 sati
812 499 908 526 nova
930 500 1095 539 corpora
1121 488 1282 528 dentes.
1314 497 1442 525 namn.

137 552 200 583 125
223 544 351 595 thue
384 544 552 583 hominis
584 546 758 596 speciem
791 552 965 585 materna
997 548 1116 586 sumit
1146 549 1187 587 in
1219 547 1325 600 alvo,

223 603 375 654 Perque
408 615 501 642 suos
533 605 638 642 intus
671 615 857 643 numeros
890 607 1138 657 componitur
1169 606 1320 660 insanS,

221 661 300 700 Nec
333 663 408 700 nisi
440 667 617 701 maturus
650 674 876 702 communes
909 665 988 702 exit
1020 665 1059 703 in
1087 676 1224 704 auras:

222 719 286 758 Sic
319 719 385 759 ubi
417 721 633 760 visceribus
665 721 843 771 gravidae
878 721 1026 760 telluris
1059 723 1185 774 imago

223 778 369 817 Effecta
402 785 462 818 est
493 779 690 831 hominis,
723 779 802 818 seto
835 781 1037 831 consurgit
1067 782 1108 819 in
1141 793 1255 834 arvo3

136 845 200 876 130
222 837 414 889 Quodque
434 839 555 888 magis
576 839 719 876 mirum
739 843 800 877 est
817 869 828 890 ,
860 838 975 877 simul
996 839 1099 878 edita
1119 841 1295 880 concutit
1313 852 1440 880 arma.

222 896 329 942 Quos
361 895 428 935 uhi
461 896 643 935 viderunt
673 903 904 948 praeacutae
938 897 1111 949 cuspidis
1142 898 1273 938 hastas

222 954 263 993 ln
296 960 412 1006 caput
444 954 646 994 Haemonii
678 956 828 994 iuvenis
863 961 1047 1006 torquere
1079 965 1284 1010 parantes,

221 1012 422 1052 Demisere
455 1019 561 1052 metu
595 1013 823 1065 vultumque
856 1015 1106 1066 animumque
1138 1014 1312 1067 Pelasgi.

222 1071 306 1122 lpsa
339 1084 494 1123 quoque
528 1073 736 1125 extimuit,
769 1084 866 1123 quae
902 1078 1028 1112 tutum
1061 1073 1208 1113 fecerat
1238 1074 1367 1126 illum,

136 1138 198 1169 135
223 1129 350 1181 thue
381 1132 462 1182 peti
494 1130 588 1169 vidit
620 1132 799 1169 iuvenem
833 1136 889 1169 tot
920 1130 966 1169 ab
998 1131 1178 1171 hostibus
1211 1144 1355 1186 unum,

222 1188 362 1227 Palluit
394 1194 433 1227 et
465 1188 594 1227 subito
628 1190 712 1228 sine
745 1190 932 1240 sanguine
966 1189 1104 1241 frigida
1136 1190 1259 1243 sedit3

220 1246 324 1286 Neve
355 1259 495 1298 parum
528 1247 678 1286 valeant
710 1259 729 1286 a
761 1259 803 1286 se
836 1247 922 1287 data
954 1250 1157 1302 gramina,
1189 1261 1346 1289 carmen

220 1305 414 1345 Auxiliare
448 1308 551 1345 canit
569 1337 580 1359 ,
613 1312 864 1357 secretasque
895 1306 1056 1346 advocat
1087 1313 1212 1346 artes.

224 1363 288 1403 llle
321 1377 476 1416 gravem
508 1364 657 1404 medios
689 1364 838 1404 silicem
870 1365 1059 1405 iaculatus
1091 1367 1131 1405 in
1162 1366 1296 1406 hostes

137 1430 202 1462 140
224 1424 254 1461 Α
287 1435 328 1462 se
362 1423 568 1475 depulsum
599 1423 762 1462 Martem
796 1425 989 1463 convertit
1019 1426 1059 1463 in
1092 1426 1220 1476 ipsos.

220 1480 457 1533 Terrigenae
489 1487 658 1533 pereunt
689 1494 758 1534 per
790 1487 925 1521 mutua
956 1482 1118 1522 vulnera
1150 1484 1314 1536 fratres,

222 1540 411 1592 Civil‘1que
444 1541 588 1580 cadunt
620 1542 730 1579 acie.
769 1546 973 1591 gratantur
1005 1541 1162 1594 Achivi,

224 1598 496 1650 Victoremque
531 1605 665 1638 tenent
696 1599 894 1650 avidisque
927 1599 1167 1651 amplexibus
1199 1600 1382 1640 haerent.

221 1657 280 1697 Tu
313 1670 470 1709 quoque
503 1659 690 1697 victorem
723 1657 958 1711 complecti,
990 1657 1182 1711 barbara,
1214 1658 1354 1712 velles3

139 1724 201 1755 145
226 1716 407 1766 [Obstitit
437 1718 620 1768 incoepto
652 1716 807 1768 pudor.
846 1722 885 1756 at
917 1717 1116 1769 complexa
1149 1718 1314 1770 suisses3

223 1775 298 1814 Sed
334 1781 399 1828 te,
433 1787 480 1815 ne
514 1776 662 1814 faceres
681 1807 692 1828 ‚
728 1776 852 1814 tenuit
885 1777 1102 1815 reverentia
1136 1776 1258 1815 famae
1273 1774 1300 1826 .]

223 1834 334 1880 Quod
366 1834 458 1873 licet
474 1866 486 1888 ‚
517 1840 678 1886 aspectu
712 1835 828 1873 tacito
860 1833 1016 1873 laetaris
1035 1866 1045 1886 ‚
1078 1836 1237 1886 agisque

223 1892 469 1932 Carminibus
501 1899 631 1944 grates
664 1897 704 1931 et
735 1893 793 1932 dis
825 1892 1249 1935 auctoriburhorum.

281 1951 511 2003 Pervigilem
544 1957 726 2003 superest
757 1950 888 1990 herbis
920 1952 1050 2003 sopire
1083 1951 1315 1991 draconem.

141 2018 202 2049 150
224 2009 319 2060 [Qui
351 2012 468 2049 crista
499 2010 721 2062 linguisque
755 2009 880 2048 tribus
911 2011 1128 2061 praesignis
1161 2015 1201 2049 et
1231 2012 1344 2049 uncis

226 2068 413 2107 Dentibus
446 2068 667 2108 horrendus
702 2074 834 2108 custos
861 2073 945 2107 erat
976 2068 1127 2107 arboris
1158 2080 1300 2108 aureae
1315 2067 1363 2119 .]'

224 2127 336 2166 Hunc
369 2133 574 2178 postquam
607 2128 751 2179 sparsit
782 2126 940 2166 Lethaei
972 2128 1146 2178 gramine
1172 2128 1257 2166 suci

226 2185 426 2237 Verbaque
459 2192 519 2225 ter
551 2186 647 2225 dixit
678 2185 848 2237 placidos
882 2186 1062 2225 facientia
1094 2197 1274 2238 somnos,

225 2244 332 2292 Quae
366 2256 471 2284 mare
504 2244 704 2283 turbatum
724 2276 734 2296 ,
766 2256 863 2296 quae
898 2246 1048 2284 concita
1088 2244 1246 2284 flumina
1278 2245 1443 2295 sistunt,

144 2312 204 2344 155
227 2304 395 2344 Somnus
427 2305 467 2342 in
500 2304 652 2355 ignotos
685 2303 819 2342 oculos
852 2303 925 2342 sibi
958 2305 1092 2355 venit,
1124 2311 1164 2342 et
1194 2314 1288 2342 auro
