1507 2580
535 101 567 136 11
581 128 590 144 ,
617 105 801 137 283—356
816 128 824 136 .
975 114 1145 137 namanes
1297 104 1346 144 31

37 220 105 252 320
125 211 300 251 Volvitur
331 213 371 251 in
403 223 592 263 praeceps
618 212 811 263 longoque
843 224 915 264 per
946 215 1034 251 aera
1067 218 1193 252 tractu

130 270 302 323 Fertur,
331 276 376 309 ut
407 270 605 309 interdum
638 270 685 309 de
719 271 824 309 caelo
857 270 967 310 stella
1001 283 1140 310 sereno

130 328 215 368 Etsi
246 341 325 368 non
357 328 528 380 cecidit,
559 331 687 380 potuit
719 330 906 368 cecidisse
939 330 1085 369 videri.

130 387 255 434 Quem
287 387 425 439 procul
451 399 471 426 a
503 389 628 438 patria
661 387 814 426 diverso
847 390 1038 428 maximus
1069 388 1164 428 orbe

130 446 286 498 Excipit
316 445 511 485 Eridanus
530 478 541 498 ‚
573 447 838 497 fumantiaque
871 447 993 486 abluit
1023 459 1113 486 ora.

42 511 111 544 325
131 505 273 544 Naides
305 504 518 556 Hesperiae
551 505 678 544 trifida
712 506 897 544 fumantia
931 506 1082 545 flamma

131 563 304 616 Corpora
324 564 417 603 dant
437 563 587 603 tumulo
605 595 617 616 ,
645 565 798 615 signant
824 576 980 616 quoque
1002 567 1173 604 carmine
1194 577 1353 605 saxum:

131 620 218 662 ‘Hic
249 624 348 662 situs
379 628 440 662 est
470 622 671 661 Phaethon
692 655 702 674 ,
735 635 876 662 currus
908 625 1040 675 auriga
1072 625 1248 675 paterni3

131 681 256 728 Quem
288 683 321 720 si
352 693 430 720 non
463 683 619 734 tenuit,
650 684 798 733 magnis
831 689 960 721 tamen
994 683 1137 722 excidit
1168 685 1272 722 ausis
1288 680 1311 721 .'

129 740 226 780 Nam
258 746 369 792 pater
401 740 622 793 obductos,
654 740 761 779 luctu
794 741 1026 780 miserabilis
1059 754 1196 794 aegro,

43 808 111 840 330
132 799 368 839 Condiderat
399 799 558 839 vultus:
591 805 631 838 et
662 801 694 838 si
726 800 840 839 modo
873 800 1070 839 credimus
1089 833 1100 852 ,
1132 813 1254 839 unum

130 858 211 897 lsse
243 858 346 897 diem
373 860 456 898 sine
488 857 568 897 sole
602 859 762 897 ferunt.
807 859 986 898 incendia
1016 859 1149 898 lumen

129 916 403 968 Praebebam,
435 917 652 968 aliquisque
685 916 784 955 malo
817 918 891 956 fuit
922 930 1017 956 usus
1048 920 1088 956 in
1120 917 1207 956 illo.

130 976 179 1015 At
209 975 391 1027 Clymene
424 981 631 1027 postquam
663 975 761 1014 dixit
793 988 1062 1027 quaecumque
1096 976 1257 1015 fuerunt

130 1034 173 1074 In
205 1036 324 1074 tantis
356 1035 519 1073 dicenda
551 1034 691 1087 malis,
722 1034 901 1085 lugubris
933 1041 973 1073 et
1004 1047 1138 1074 amens

43 1102 109 1134 335
130 1093 180 1133 Et
204 1093 345 1133 laniata
377 1095 487 1132 sinus
519 1098 645 1132 totum
676 1095 906 1144 percensuit
936 1092 1097 1132 orbem:

131 1152 418 1203 Exanimesque
451 1157 560 1191 artus
591 1153 718 1203 primo
739 1184 749 1204 ,
781 1164 871 1190 mox
903 1164 991 1190 ossa
1022 1153 1254 1204 requirens,

130 1211 320 1263 Repperit
351 1223 438 1250 ossa
469 1216 600 1250 tamen
632 1212 841 1261 peregrina
873 1210 1028 1249 condita
1059 1212 1168 1262 ripa,

131 1269 393 1321 Incubuitque
426 1269 512 1308 loco
537 1301 548 1322 ,
580 1281 802 1320 nomenque
833 1270 874 1308 in
907 1281 1101 1308 marmore
1134 1269 1279 1308 lectum

131 1328 311 1368 Perfudit
342 1328 513 1367 lacrimis
545 1334 584 1367 et
615 1334 751 1379 aperto
783 1333 944 1379 pectore
977 1328 1096 1367 fovit.

44 1397 112 1428 340
132 1388 213 1427 Nec
244 1389 374 1427 minus
406 1386 586 1426 Heliades
618 1386 753 1438 lugent
784 1393 852 1439 et,
883 1388 1012 1425 inania
1044 1388 1161 1426 morti

131 1447 323 1498 Munera,
355 1445 448 1485 dant
478 1445 687 1498 lacrimas,
719 1451 759 1484 et
791 1446 926 1484 caesae
958 1451 1118 1497 pectora
1151 1445 1287 1497 palmis

132 1505 219 1545 Non
251 1505 477 1545 auditurum
509 1506 672 1543 miseras
704 1504 947 1543 Phaethonta
980 1504 1173 1555 querellas

132 1564 256 1604 Nocte
288 1565 429 1615 dieque
461 1569 630 1616 vocant,
662 1563 1024 1614 adsternunturque
1056 1563 1286 1614 sepulchro.

132 1623 242 1663 Luna
274 1629 413 1675 quater
431 1623 576 1662 iunctis
607 1622 789 1674 implerat
808 1621 994 1661 cornibus
1022 1621 1181 1661 orbem:
1232 1629 1260 1656 f.
1281 1629 1355 1655 xiii-

46 1691 112 1722 345
134 1683 224 1722 illae
256 1694 366 1721 more
399 1694 469 1721 suo
488 1713 500 1734 ,
531 1693 621 1720 nam
653 1693 803 1720 morem
835 1681 983 1720 fecerat
1014 1693 1133 1732 usus,

133 1741 366 1793 Plangorem
399 1740 616 1779 dederant.
654 1752 675 1778 e
708 1741 795 1791 quis
826 1739 1048 1778 Phaethusa
1067 1771 1078 1791 ,
1110 1751 1291 1778 sororum

133 1801 327 1853 Maxima,
359 1811 449 1838 cum
480 1798 597 1838 vellet
627 1804 733 1838 terra
764 1798 1056 1850 procumbere,
1088 1803 1226 1849 questa
1257 1804 1316 1836 est

134 1859 359 1911 Deriguisse
391 1858 541 1910 pedes.
580 1857 626 1896 ad
659 1869 775 1909 quam
807 1862 944 1896 conata
975 1858 1109 1895 venire

135 1918 306 1957 Candida
337 1916 536 1969 Lampetie
568 1916 696 1955 subita
728 1916 858 1955 radice
890 1921 1043 1954 ret-enta
1075 1921 1162 1955 est.

47 1986 114 2018 350
133 1977 266 2016 Tertia
284 2008 296 2029 ,
327 1988 418 2016 cum
444 1977 595 2015 crinem
626 1974 805 2014 manibus
836 1974 981 2013 laniare
1013 1981 1192 2026 pararet,

134 2036 273 2075 Avellit
304 2035 493 2074 frondes.
530 2034 627 2073 haec
659 2035 791 2085 stipite
824 2045 940 2072 crura
972 2035 1121 2085 teneri,

136 2095 202 2134 llla
234 2093 339 2133 dolet
370 2094 456 2133 fieri
487 2093 622 2144 longos
655 2104 724 2132 sua
756 2092 938 2130 bracchia
969 2103 1122 2130 ramos.

135 2154 314 2205 Dumque
347 2164 391 2191 ea
423 2153 645 2204 mirantur,
676 2151 950 2202 complectitur
981 2152 1140 2202 inguina
1171 2155 1329 2203 cortex,

135 2212 290 2264 Perque
310 2211 454 2263 gradus
476 2217 634 2250 uterum
653 2216 870 2262 pectusque
884 2221 1120 2260 umerosque
1141 2222 1355 2261 manusque

48 2279 115 2312 355
136 2271 296 2323 Ambit,
327 2275 367 2310 et
397 2268 602 2309 exstabant
631 2275 784 2308 tanturn
816 2281 883 2308 ora
915 2271 1092 2308 vocantia
1124 2275 1310 2307 matrem.

138 2330 239 2377 Quid
273 2330 387 2369 faciat
419 2334 543 2368 mater
562 2360 573 2381 ,
605 2329 709 2380 nisi,
741 2340 818 2380 quo
850 2327 979 2367 trahat
1010 2329 1181 2380 impetus
1212 2327 1339 2378 illam,
