1527 2580
619 103 685 139 XV
699 131 710 148 ,
735 106 919 139 299—372
935 129 943 138 .
1046 115 1271 138 rr'rmoorus
1369 102 1451 143 315

231 214 494 266 Concipiunt.
532 220 764 265 tempusque
798 214 900 266 suit,
931 225 1008 264 quo
1041 214 1145 252 navit
1175 214 1214 251 in
1247 211 1385 264 undis,

230 273 344 312 Nunc
375 272 486 312 sedet
516 271 674 324 Ortygie
696 303 705 312 .
744 274 873 311 timuit
905 271 1163 311 concursibus
1195 272 1296 322 Argo

232 331 432 371 Undarum
464 343 618 382 sparsas
651 330 925 382 Symplegadas
958 330 1166 383 elisarum,

234 389 341 436 Quae
374 402 479 429 nunc
510 392 692 429 immotae
724 395 901 441 perstant
932 391 1136 440 ventisque
1170 389 1380 427 resistunt.

144 456 212 489 ³40
232 448 313 487 Nec
345 460 444 499 quae
476 448 672 499 sulpureis
705 448 815 487 ardet
846 447 1070 486 fornacibus
1103 449 1226 486 Aetne

231 507 347 558 Ignea
379 519 534 558 semper
566 508 670 558 erit3
702 518 829 557 neque
862 508 965 545 enim
999 507 1072 545 suit
1103 508 1216 557 ignea
1248 517 1423 557 semper.

231 565 329 604 Nam
361 567 441 604 sive
473 572 533 604 est
564 564 704 603 animal
736 564 852 604 tellus
884 571 923 604 et
954 566 1046 603 vivit
1077 564 1272 615 habetque

233 623 479 675 Spiramenta
510 623 605 662 locis
637 623 829 662 flammam
862 623 1078 662 exhalantia
1112 623 1267 675 multis;

233 681 415 733 Spirandi
448 688 599 721 mutare
631 683 740 734 vias,
773 684 1033 733 quotiensque
1067 688 1269 734 movetur,

143 748 212 780 345
232 739 310 779 Has
341 741 453 780 finire
484 746 644 793 potest,
675 740 759 779 illas
792 743 943 791 aperire
977 753 1185 780 cavernas:

232 798 321 838 Sive
353 798 456 838 leves
488 801 576 838 imis
607 801 713 838 venti
745 799 978 838 cohibentur
1009 801 1048 838 in
1081 801 1226 851 antris,

234 857 411 908 Saxaque
444 870 533 897 cum
566 859 667 897 saxis
700 864 740 897 et
770 857 979 897 habentem
1012 859 1160 896 semina
1192 857 1367 896 ssammae

231 915 434 955 Materiem
465 918 637 969 iactant,
669 928 714 955 ea
745 918 916 968 concipit
947 916 1092 956 ictibus
1125 918 1280 969 ignem3

232 977 353 1013 Antra
385 974 658 1026 relinquentur
691 975 833 1014 sedatis
867 975 1005 1025 frigida
1038 976 1187 1014 vent1s:

144 1040 214 1073 850
235 1032 324 1072 Sive
356 1032 594 1072 bitumineae
626 1035 784 1085 rapiunt
814 1034 994 1072 incendia
1025 1035 1152 1086 vires,

233 1090 401 1130 Luteave
433 1093 584 1142 exiguis
615 1092 827 1131 ardescunt
858 1092 1018 1143 sulpura
1051 1092 1192 1144 fumis,

233 1149 382 1201 Nempe
415 1149 482 1188 ubi
515 1156 620 1189 terra
652 1149 761 1188 cibos
792 1150 1051 1201 alimentaque
1090 1151 1249 1201 pinguia
1283 1149 1453 1189 flammae

233 1207 319 1246 Non
351 1207 458 1247 dabit
488 1208 705 1260 absumptis
735 1220 807 1260 per
838 1208 996 1259 longum
1028 1208 1177 1247 viribus
1209 1220 1370 1261 aevum,

232 1266 479 1318 Naturaeque
512 1279 628 1306 suum
660 1268 859 1306 nutrimen
891 1267 1017 1306 deerit
1048 1267 1182 1319 edaci3

145 1332 213 1365 355
234 1325 320 1364 Non
352 1326 453 1364 seret
483 1325 547 1364 illa
578 1326 719 1365 samem
737 1357 749 1378 ‚
781 1325 1014 1376 desertaque
1047 1326 1204 1364 deseret
1234 1327 1368 1377 ignes.

234 1383 331 1423 Esse
363 1386 467 1422 viros
500 1385 599 1423 sama
631 1390 692 1424 est
721 1385 762 1423 in
794 1383 1046 1435 Hyperborea
1077 1383 1257 1438 Pallene,

235 1442 310 1488 Qui
342 1442 491 1481 soleant
521 1442 671 1481 levibus
702 1442 821 1481 velari
853 1454 1018 1494 corpora
1048 1442 1216 1495 plumis,
1325 1451 1354 1476 ί.
1375 1451 1456 1478 ccix.

235 1500 332 1539 Cum
363 1500 626 1540 Tritoniacam
658 1502 819 1540 noviens
852 1500 1009 1540 subiere
1041 1501 1246 1552 paludem.

235 1558 346 1598 Haud
372 1559 555 1610 equidem
582 1559 700 1599 credo
719 1591 731 1611 ‚
758 1571 914 1611 sparsae
936 1571 1092 1610 quoque
1113 1559 1288 1598 membra
1310 1571 1456 1599 veneno

146 1625 214 1658 360
235 1617 430 1656 Exercere
463 1624 567 1657 artes
601 1617 804 1669 Scythides
836 1624 1105 1656 memorantur
1137 1617 1316 1657 easdem.

235 1675 353 1726 Siqua
385 1676 480 1714 fides
511 1675 631 1715 rebus
662 1681 792 1714 tamen
823 1682 886 1715 est
916 1676 1090 1714 addenda
1122 1676 1320 1728 probatis,

234 1733 372 1774 Nonne
403 1733 511 1773 vides
530 1766 540 1783 ‚
573 1746 841 1785 quaecumque
874 1745 982 1772 mora
1012 1734 1180 1773 ssuidove
1212 1734 1341 1774 calore

237 1791 409 1845 Corpora
441 1792 669 1845 tabuerint,
700 1794 740 1831 in
771 1804 888 1844 parva
920 1792 1098 1831 animalia
1130 1790 1264 1832 verti?

235 1850 278 1890 In
310 1851 449 1890 scrobe
480 1851 607 1890 Deoos
639 1856 826 1890 mactatos
857 1850 980 1890 obrue
1012 1857 1170 1903 tauros,
1201 1872 1256 1879 --
1348 1859 1373 1886 ί.
1387 1867 1441 1886 ccx

147 1918 215 1950 365
236 1909 398 1961 Cognita
429 1922 493 1949 res
525 1921 600 1948 usu
633 1931 688 1937 —
721 1909 768 1948 de
799 1910 907 1961 putri
937 1911 1087 1948 viscere
1119 1911 1264 1962 passim

234 1967 448 2020 Florilegae
480 1974 696 2008 nascuntur
728 1980 820 2020 apes
839 1999 850 2020 ‚
882 1979 981 2019 quae
1012 1980 1121 2007 more
1153 1974 1360 2020 parentum

235 2026 342 2065 Rura
373 2027 508 2066 colunt
538 2029 726 2078 operique
759 2028 889 2065 favent
918 2027 960 2065 in
991 2038 1180 2078 spemque
1212 2026 1409 2066 laborant.

234 2084 402 2124 Pressus
433 2085 552 2124 humo
583 2085 747 2125 bellator
780 2097 904 2136 equus
937 2084 1140 2124 crabronis
1171 2087 1282 2138 origo
1315 2091 1397 2125 est.

237 2142 412 2182 Concava
442 2143 581 2183 litoreo
613 2145 646 2183 si
678 2144 810 2183 demas
841 2143 1022 2182 bracchia
1055 2155 1222 2197 cancro,

149 2209 217 2243 870
237 2201 375 2241 Cetera
407 2213 604 2253 supponas
636 2207 795 2255 terrae,
827 2202 874 2241 de
906 2207 1017 2253 parte
1049 2202 1202 2254 sepulta

237 2259 425 2311 Scorpius
457 2260 576 2300 exibit
608 2260 806 2312 caudaque
839 2260 1050 2300 minabitur
1082 2273 1205 2300 unca.

237 2318 423 2370 Quaeque
456 2318 583 2358 solent
614 2320 720 2358 canis
752 2318 911 2359 frondes
943 2321 1119 2359 intexere
1152 2319 1226 2358 filis
