1538 2496
185 180 266 222 328
383 193 443 215 mv
459 208 466 215 .
493 193 608 215 nimus
734 179 950 213 METAMM
963 206 972 215 .

300 291 390 330 Fata
423 291 480 329 tui
510 291 694 340 generis.
734 288 809 340 legi
841 290 924 340 ipse
956 291 1162 341 animoque
1189 293 1319 330 notavi

213 358 278 389 815
300 349 348 388 Et
380 350 544 387 reseram
564 379 574 399 ,
607 359 655 385 ne
688 348 740 386 sis
774 348 985 387 etiamnum
1018 349 1151 399 ignara
1181 349 1324 389 futuri.

300 408 369 446 Hic
402 419 471 445 sua
503 405 738 458 complevit,
769 418 841 457 pro
874 418 950 457 quo
969 438 980 459 ‚
1013 406 1232 462 Cytherea,
1262 407 1435 463 laboras,

299 466 490 516 Tempora
521 465 708 516 perfectis
740 476 838 515 quos
870 470 998 504 terrae
1031 465 1166 506 debuit
1196 468 1329 507 annis.

298 524 348 563 Ut
379 524 475 562 deus
509 523 667 562 accedat
697 523 802 562 caelo
836 523 1069 576 templisque
1102 524 1278 578 locetur,

297 583 355 621 Tu
388 583 505 621 facies
538 588 731 633 natusque
764 594 888 635 suus;
920 584 988 634 qui
1020 585 1187 623 nominis
1218 583 1333 624 heres

209 649 276 681 820
297 641 527 692 Impositum
559 641 660 680 feret
690 653 793 680 unus
825 653 955 695 onus,
987 642 1195 693 caedisque
1226 645 1400 694 parentis

295 700 374 738 Nos
407 701 446 738 in
479 699 579 738 bella
611 712 703 738 suos
736 700 974 739 fortissimus
1007 700 1110 740 ultor
1142 700 1321 741 habebit.

296 759 404 797 lllius
436 759 621 809 auspiciis
653 758 835 798 obsessae
869 760 1021 797 moenia
1052 771 1188 810 pacem

296 817 405 856 Victa
436 822 572 868 petent
603 816 804 870 Mutinae3
835 817 1032 856 Pharsalia
1064 819 1207 857 sentiet
1237 818 1371 871 illum,

295 876 550 927 Emathiaque
583 877 728 915 iterum
760 876 968 915 madefient
999 876 1116 915 caede
1148 876 1341 930 Philippi,

207 942 274 974 825
294 935 344 974 Et
376 947 559 986 magnum
592 934 734 974 Siculis
766 947 909 974 nomen
941 935 1192 987 superabitur
1223 936 1362 976 undis:

294 994 538 1045 Romanique
570 993 682 1033 ducis
714 996 885 1033 coniunx
915 994 1102 1046 Aegyptia
1132 994 1267 1034 taedae

294 1052 381 1092 Non
413 1052 513 1091 bene
545 1053 615 1091 fisa
647 1052 788 1105 cadet3
820 1053 1046 1104 frustraque
1079 1054 1156 1092 erit
1185 1052 1249 1092 illa
1279 1054 1447 1107 minata,

295 1111 497 1150 Servitura
529 1123 600 1150 suo
633 1110 821 1162 Capitolia
852 1116 986 1150 nostra
1018 1111 1197 1163 Canopo.

294 1170 396 1216 Quid
427 1169 499 1208 tibi
529 1169 749 1208 barbariam
767 1201 778 1223 ‚
810 1175 946 1220 gentes
979 1169 1025 1208 ab
1057 1175 1226 1221 utroque
1257 1171 1428 1210 iacentes

205 1237 274 1269 830
295 1228 450 1268 Oceano
483 1240 688 1267 numerem
707 1225 729 1268 Ῥ
761 1228 1036 1280 quodcumque
1068 1227 1275 1268 habitabile
1308 1229 1423 1268 tellus

296 1287 502 1340 Sustinet,
533 1287 652 1326 huius
684 1288 788 1327 erit:
819 1292 964 1338 pontus
998 1299 1154 1339 quoque
1187 1288 1331 1327 serviet
1356 1287 1431 1327 illi.

292 1346 393 1386 Pace
425 1345 513 1385 data
545 1347 663 1385 terris
695 1347 867 1385 animum
899 1345 946 1384 ad
978 1345 1103 1385 civilia
1134 1352 1260 1385 vertet

293 1405 383 1444 Iura
415 1417 559 1458 suum,
590 1405 775 1456 legesque
808 1405 909 1444 feret
939 1406 1177 1444 iustissimus
1210 1410 1369 1445 auctor:

292 1463 559 1515 Exemploque
591 1476 663 1502 suo
696 1475 826 1503 mores
857 1469 998 1516 reget,
1029 1465 1148 1515 inque
1180 1464 1306 1503 futuri

205 1530 271 1562 835
293 1523 500 1573 Temporis
532 1527 698 1561 aetatem
730 1527 1066 1573 venturorumque
1098 1527 1288 1574 nepotum

291 1581 542 1632 Prospiciens
573 1580 725 1633 prolem
757 1586 890 1619 sancta
922 1581 969 1619 de
1002 1582 1167 1631 coniuge
1199 1586 1329 1619 natam

292 1639 413 1679 Ferre
440 1639 555 1678 simul
586 1651 808 1690 nomenque
841 1651 958 1678 suum
989 1650 1182 1690 curasque
1213 1638 1387 1692 iubebit,

292 1698 373 1737 Nec
405 1699 482 1737 nisi
513 1710 603 1737 cum
635 1699 766 1737 senior
798 1697 943 1736 similes
976 1699 1200 1748 aequaverit
1230 1709 1375 1751 annos,

292 1757 495 1796 Aetherias
528 1757 642 1796 sedes
674 1762 916 1808 cognataque
949 1756 1078 1795 sidera
1109 1761 1264 1808 tanget.

205 1824 272 1855 840
292 1816 401 1855 Hanc
433 1817 601 1854 animam
631 1817 782 1855 interea
814 1827 926 1855 caeso
959 1815 1205 1866 deu-serpere
1236 1821 1387 1866 raptam
1436 1812 1438 1814 ’

292 1875 367 1914 Fac
398 1874 512 1914 iubar
531 1907 541 1927 ,
573 1879 617 1914 ut
648 1885 804 1926 semper
836 1874 1023 1925 Capitolia
1054 1879 1188 1913 nostra
1220 1873 1427 1924 forumque

292 1933 411 1972 Divus
443 1933 489 1972 ab
523 1933 674 1972 excelsa
705 1938 932 1985 prospectet
962 1931 1084 1971 Iulius
1116 1931 1210 1971 aede
1224 1928 1250 1971 .'
1307 1952 1314 1961 ae

350 1991 419 2031 Vix
453 2004 497 2031 ea
528 1993 630 2032 fatus
662 1997 775 2044 erat,
807 1992 933 2030 media
965 2003 1054 2030 cum
1085 1990 1178 2029 sede
1210 1996 1369 2030 senatus

294 2050 477 2090 Constitit
508 2051 606 2090 alma
637 2050 766 2089 Venus
784 2082 796 2102 ,
828 2049 924 2089 nulli
955 2049 1150 2089 cernenda
1167 2081 1180 2102 ‚
1211 2051 1350 2100 suique

204 2117 272 2148 845
293 2109 470 2148 Caesaris
503 2111 649 2161 eripuit
679 2109 867 2148 membris
898 2120 972 2148 nec
1002 2109 1043 2147 in
1070 2111 1160 2147 aera
1191 2107 1287 2146 solvi

292 2168 410 2207 Passa
442 2175 642 2208 recentem
674 2169 842 2207 animam
874 2166 1107 2206 caelestibus
1138 2166 1272 2205 intulit
1302 2167 1437 2205 astris.

293 2226 471 2277 Dumque
504 2228 621 2280 tulit,
652 2227 785 2267 lumen
818 2238 957 2278 capere
988 2230 1105 2276 atque
1136 2226 1340 2277 ignescere
1371 2225 1513 2275 sensit,

292 2284 511 2335 Emisitque
544 2287 632 2325 sinu
652 2317 661 2326 .
699 2286 792 2325 luna
823 2285 925 2324 volat
956 2284 1070 2324 altius
1102 2283 1187 2336 ille,

294 2343 663 2394 Flammiferumque
683 2344 841 2383 trahens
861 2345 1031 2395 spatioso
1050 2342 1172 2381 limite
1193 2343 1342 2381 crinem
1351 2349 1376 2376 ἰ.
1391 2348 1498 2375 ccxviii

207 2410 273 2441 850
296 2401 414 2441 Stella
446 2403 592 2442 micat:
625 2404 782 2454 natique
815 2402 950 2441 videns
982 2401 1185 2440 benefacta
1217 2401 1360 2439 fatetur
