1507 2580
565 123 577 157 1
600 152 608 166 ,
639 127 820 158 104—177
838 152 845 158 .
1014 137 1186 159 mounes
1353 126 1379 167 5

158 231 316 283 lamque
349 243 495 270 nocens
528 232 677 271 serrum
710 234 893 284 ferroque
926 235 1132 273 nocentius
1164 246 1303 273 aurum

157 289 390 329 Prodici-at:
421 289 552 341 prodit
583 290 727 330 bellum
746 324 757 344 ,
789 291 893 343 quod
925 299 1072 343 pugnat
1105 298 1297 345 utroque,

158 348 455 400 Sanguineaque
489 361 604 388 manu
637 352 866 401 crepitantia
898 353 1074 389 concutit
1104 362 1231 389 arma.

158 406 307 446 Vivitur
338 419 386 446 ex
418 414 560 459 rapt03
592 420 668 446 non
703 408 844 459 hospes
877 409 923 447 ab
951 409 1101 460 hospite
1134 415 1267 460 tutus,

70 473 136 504 145
156 464 241 504 Non
274 477 387 504 socer
418 477 438 503 a
470 478 614 516 genero
635 481 645 518 ;
677 467 842 505 fratrum
863 480 1017 518 quoque
1038 470 1160 518 gratia
1186 480 1272 506 rara
1299 473 1379 507 est.

156 523 339 563 Imminet
369 525 487 563 exitio
520 527 577 563 vir
609 526 785 576 coniugis
804 557 815 577 ,
847 526 908 563 illa
942 528 1095 578 mariti3

155 580 300 621 Lurida
333 582 528 621 terribiles
560 585 727 622 miscent
752 586 903 622 aconita
935 597 1150 636 novercae3

156 639 279 679 Filius
310 647 399 680 ante
431 641 535 679 diem
566 644 713 692 patrios
746 644 911 693 inquirit
941 645 981 681 in
1013 655 1157 681 annos.

156 697 264 738 Victa
295 701 396 738 iacet
426 701 551 751 pietas
568 731 580 752 ,
611 706 651 739 et
682 700 797 751 Virgo
830 701 946 739 caede
979 701 1204 754 madentes,

64 764 132 797 150
150 756 293 796 Ultima
324 757 537 797 caelestum
555 790 566 810 ,
598 764 725 797 terras
756 760 915 798 Astraea
947 760 1127 811 reliquit.

155 815 260 855 Neve
291 816 395 856 foret
424 818 542 855 terris
575 819 752 856 securior
783 818 928 857 arduus
961 818 1118 870 aether,

155 875 368 914 Affectasse
400 875 533 914 serunt
563 887 729 926 regnum
761 876 927 915 caeleste
961 876 1167 928 Gigantas,

155 932 320 984 Altaque
354 939 561 984 congestos
594 935 786 972 struxisse
818 934 864 972 ad
892 935 1019 972 sidera
1050 940 1226 973 montes.

156 990 257 1030 Tum
288 996 400 1043 pater
431 993 680 1042 omnipotens
712 994 832 1031 misso
864 993 1055 1044 perfregit
1086 992 1293 1044 Olympum

69 1056 136 1088 155
155 1049 335 1088 Fulmine
368 1056 408 1088 et
439 1051 613 1089 excussit
644 1050 821 1089 subiecto
852 1050 988 1089 Pelion
1020 1050 1163 1090 Ossae.

155 1107 306 1147 Obruta
337 1108 438 1147 mole
471 1121 541 1147 sua
573 1121 663 1148 cum
695 1121 860 1160 corpora
891 1109 975 1148 dira
1005 1112 1202 1162 iacerent,

157 1166 363 1206 Perfusam
394 1166 518 1205 multo
549 1173 731 1206 natorum
764 1170 952 1218 sanguine
984 1167 1146 1206 Terram

156 1224 399 1264 Inmaduisse
433 1226 565 1264 serunt
597 1225 843 1277 calidumque
876 1227 1066 1264 animasse
1098 1238 1304 1281 cruorem,

155 1283 234 1336 Et,
265 1295 316 1323 ne
347 1283 452 1322 nulla
484 1295 577 1322 suae
609 1285 743 1335 stirpis
775 1286 1014 1323 monimenta
1046 1292 1273 1337 manerent,

68 1349 136 1381 160
154 1341 200 1380 ln
231 1342 370 1381 faciem
389 1343 554 1381 vertisse
575 1342 777 1381 hominum
797 1374 805 1381 .
844 1342 913 1381 sed
945 1349 984 1381 et
1002 1343 1066 1381 illa
1084 1355 1257 1394 propago
1293 1352 1324 1379 ι.
1342 1359 1378 1380 v.

160 1399 431 1452 Contemptrix
462 1413 651 1452 superum
683 1413 897 1452 saevaeque
929 1401 1149 1440 avidissima
1180 1402 1309 1442 caedis

155 1457 207 1498 Et
236 1458 404 1498 violenta
435 1460 539 1498 suit:
571 1461 694 1498 scires
725 1472 746 1498 e
779 1461 969 1511 sanguine
1000 1466 1137 1500 natos.

215 1517 323 1563 Quae
354 1523 466 1569 pater
496 1523 540 1556 ut
571 1530 722 1557 summa
753 1518 848 1557 vidit
881 1517 1089 1557 Saturnius
1115 1531 1230 1572 arce,

155 1575 324 1628 ingemit
354 1582 422 1628 et,
454 1576 557 1615 facto
589 1576 764 1616 nondum
795 1576 950 1628 vulgata
980 1579 1132 1616 recenti

69 1641 136 1673 165
155 1633 286 1673 Foeda
316 1633 533 1686 Lycaoniae
564 1635 743 1674 reserens
769 1637 943 1674 convivia
974 1647 1155 1688 mensae,

155 1691 339 1744 Ingentes
371 1694 499 1732 animo
531 1700 571 1732 et
602 1693 738 1745 dignas
770 1693 859 1732 Iove
892 1695 1064 1745 concipit
1094 1696 1196 1746 iras,

156 1749 452 1802 Conciliumque
484 1758 624 1791 vocat.
662 1754 790 1792 tenuit
820 1764 929 1791 mora
959 1752 1064 1791 nulla
1096 1758 1275 1792 vocatos.

155 1808 228 1849 Est
257 1811 318 1849 via
348 1809 528 1849 sublimis
547 1841 558 1862 ,
590 1810 696 1849 caelo
728 1811 934 1849 manifesta
965 1822 1130 1863 seren03

155 1866 298 1908 Lactea
328 1880 472 1908 nomen
502 1868 621 1908 habet
637 1901 650 1922 ,
681 1869 851 1908 candore
883 1868 1065 1907 notabilis
1096 1871 1204 1920 ipso.

68 1933 136 1967 170
154 1925 237 1966 Hac
266 1928 343 1966 iter
374 1933 436 1966 est
466 1929 621 1979 superis
653 1927 699 1966 ad
731 1929 860 1978 magni
891 1933 994 1966 tecta
1024 1927 1212 1967 Tonantis

154 1984 416 2036 Regalemque
448 1985 635 2026 domum.
674 1986 810 2025 dextra
839 1986 1022 2037 laevaque
1055 1986 1219 2026 deorum

154 2044 262 2082 Atria
294 2043 484 2083 nobilium
515 2044 633 2085 valvis
666 2045 916 2084 celebrantur
948 2046 1116 2095 apertis.

154 2101 271 2140 Plebs
303 2101 451 2141 habitat
482 2103 636 2142 diversa
666 2103 793 2155 locis;
824 2103 896 2141 hac
927 2103 1057 2142 fronte
1088 2109 1269 2154 potentes

156 2159 370 2200 Caelicolae
396 2161 570 2212 clarique
602 2173 694 2200 suos
725 2174 894 2213 posuere
925 2167 1110 2213 penates.

68 2225 135 2257 175
154 2217 228 2258 Hic
257 2219 368 2258 locus
400 2225 489 2271 est,
521 2232 666 2273 quem,
698 2222 732 2259 si
763 2220 892 2259 verbis
924 2220 1083 2259 audacia
1114 2221 1253 2274 detur,

154 2276 266 2316 Haud
298 2280 455 2317 timeam
487 2280 616 2330 magni
647 2278 792 2318 dixisse
823 2278 968 2318 Palatia
1000 2279 1115 2318 caeli.

154 2334 258 2388 Ergo
289 2335 357 2376 ubi
389 2348 608 2376 marmoreo
640 2339 775 2390 superi
807 2338 944 2376 sedere
976 2349 1161 2390 recessu,
