1527 2580
542 114 608 149 VH
626 142 634 158 ,
663 118 848 150 706—780
863 142 870 149 .
992 129 1166 152 carnatus
1295 118 1371 159 147

157 222 223 262 llla
255 223 350 263 nihil
371 255 379 262 .
419 225 536 263 tacito
570 225 838 264 tantummodo
871 227 971 265 victa
1005 226 1152 277 pudore

155 281 344 321 lnsidiosa
376 282 475 321 malo
508 295 597 322 cum
630 285 794 334 coniuge
828 284 957 323 limina
991 286 1112 336 l'ugit3

70 348 134 379 745
156 340 391 392 offensaque
424 342 500 379 mei
532 353 656 392 genus
689 354 802 381 omne
835 355 974 394 perosa
1009 345 1181 382 virorum

153 398 351 439 Montibus
384 398 569 451 errabat,
600 400 740 439 studiis
773 408 929 452 operata
963 401 1127 440 Dianae.

154 457 256 496 Tum
286 457 381 497 mihi
413 457 570 497 deserto
604 458 809 498 violentior
841 461 941 510 ignis
975 460 1019 498 ad
1053 472 1140 499 ossa

153 515 366 556 Pervenit.
404 516 562 555 orabam
594 519 745 556 veniam
777 525 816 556 et
847 530 1028 569 peccasse
1063 518 1232 570 fatebar,

154 574 203 614 Et
232 576 409 627 potuisse
442 575 541 614 datis
573 575 689 614 simili
722 576 979 616 succumbere
1012 577 1146 628 culpae

67 641 132 672 750
153 633 213 672 Me
246 645 402 684 quoque
434 634 694 686 muneribus,
727 636 759 673 si
792 647 952 674 munera
987 642 1091 674 tanta
1123 636 1330 674 darentur.

153 691 258 731 Haec
289 691 384 731 mihi
417 693 597 732 confesso
617 725 628 745 ,
660 693 807 732 laesum
839 695 949 745 prius
983 694 1061 732 ulta
1093 694 1306 746 pudorem,

154 750 376 803 Redditur,
407 757 446 790 et
477 750 611 790 dulces
639 752 887 791 concorditer
919 754 1037 803 exigit
1070 765 1213 791 annos.

155 809 226 848 Dat
256 808 352 849 mihi
381 816 615 863 praeterea,
648 817 844 861 tamquam
877 823 918 849 se
951 823 1066 862 parva
1099 811 1270 850 dedisset

154 867 262 907 Dona
280 899 293 921 ‚
324 879 461 908 canem
493 881 636 908 munus
656 901 666 921 ‚
699 881 816 920 quem
849 882 938 909 cum
970 882 1038 908 sua
1073 870 1244 908 traderet
1276 870 1327 908 illi

66 934 131 965 '155
155 926 348 980 Cynthia,
380 923 608 966 “currendo
641 925 857 978 superabit'
890 928 1041 966 dixerat
1073 925 1277 966 ‘omnes.''

153 985 224 1024 Dat
238 985 354 1025 simul
374 992 414 1024 et
431 986 626 1038 iaculum,
645 986 824 1025 manibus
846 986 949 1036 quod
963 1018 973 1038 ‚
995 988 1148 1037 cernis,
1169 985 1371 1025 habemus.

152 1044 326 1083 Muneris
359 1044 520 1084 alterius
553 1056 652 1095 quae
684 1046 735 1084 sit
767 1045 951 1097 fortuna,
984 1041 1189 1095 requiris?

155 1104 299 1154 Accipe
330 1103 581 1155 mirandum3
613 1105 783 1142 novitate
816 1102 1022 1142 movebere
1056 1104 1170 1142 sacti.

214 1160 394 1200 Carmina
425 1160 587 1201 Laiades
619 1173 698 1200 non
730 1161 926 1200 intellecta
957 1163 1135 1212 priorum

66 1227 132 1258 760
155 1219 331 1259 Solverat
361 1221 528 1271 ingeniis
547 1251 559 1272 ,
590 1226 630 1259 et
659 1221 912 1271 praecipitata
944 1219 1095 1258 iacebat

154 1278 349 1318 Inmemor
381 1278 587 1330 ambagum
618 1285 724 1317 vates
757 1278 923 1317 obscura
957 1289 1139 1316 suarum.

66 1344 132 1376 ‘163
154 1337 340 1377 Protinus
372 1337 505 1376 Aoniis
537 1338 749 1376 inmittitur
781 1337 901 1375 altera
932 1336 1077 1375 Thebis

153 1395 280 1435 Pestis
299 1427 311 1448 ,
342 1401 382 1434 et
413 1397 531 1434 exitio
564 1396 676 1435 multi
707 1407 975 1448 pecorumque
1008 1407 1159 1446 suoque

66 1462 131 1493 765
154 1454 375 1505 Rurigenae
406 1466 547 1506 pavere
580 1455 731 1493 seram.
769 1456 894 1493 vicina
925 1455 1107 1492 iuventus

155 1512 341 1552 Venimus
373 1518 413 1552 et
442 1512 541 1552 latos
573 1512 755 1564 indagine
787 1513 981 1551 cinximus
1014 1524 1147 1562 agros.

154 1570 221 1610 Illa
252 1571 326 1611 levi
357 1570 469 1611 velox
500 1571 711 1623 superabat
742 1573 841 1610 retia
873 1571 996 1623 saltu,

156 1629 394 1682 Summaque
426 1629 618 1669 transibat
647 1631 865 1681 positarum
896 1629 973 1668 lina
1004 1629 1227 1680 plagarum.

153 1688 300 1740 Copula
333 1688 553 1728 detrahitur
585 1687 746 1728 canibus
765 1720 776 1740 ‚
808 1700 903 1739 quas
936 1687 998 1726 illa
1030 1693 1240 1738 sequentes

67 1755 134 1788 7⁷0
155 1747 302 1799 Effugit
334 1753 373 1786 et
405 1747 523 1786 celeri
556 1759 634 1786 non
666 1748 824 1797 segnior
856 1746 945 1785 alite
977 1746 1098 1785 ludit.

152 1806 300 1846 Poscor
332 1811 372 1845 et
402 1807 486 1858 ipse
519 1817 650 1845 meum
684 1816 879 1844 consensu
910 1803 1073 1855 Laelapa
1105 1816 1266 1854 magno:

152 1865 327 1904 Muneris
359 1864 434 1904 hoc
465 1876 637 1903 nomen.
676 1863 888 1903 iandudum
920 1862 1070 1901 vincula
1103 1868 1249 1914 pugnat

152 1923 307 1964 Exuere
339 1925 422 1975 ipse
457 1922 530 1962 sibi
548 1955 560 1976 ,
592 1922 769 1973 colloque
802 1923 993 1960 moranua
1026 1920 1172 1959 tendit.

153 1982 223 2021 Vix
254 1981 355 2021 bene
381 1983 525 2022 missus
545 1988 630 2021 erat
646 2012 658 2034 ‚
689 1993 762 2020 nec
782 1982 857 2019 iam
878 1986 1101 2031 poteramus
1121 2011 1131 2031 ,
1165 1979 1230 2018 ubi
1252 1987 1350 2018 esset
1369 2011 1375 2029 ,

66 2048 132 2080 775
155 2041 295 2080 Scire:
325 2039 471 2092 pedum
503 2040 650 2079 calidus
683 2040 841 2089 vestigia
874 2038 999 2089 pulvis
1033 2036 1222 2090 habebat,

154 2100 241 2151 Ipse
274 2098 398 2138 oculis
431 2104 591 2150 ereptus
623 2104 734 2137 erat.
775 2109 850 2135 uon
884 2098 992 2135 ocior
1025 2096 1089 2135 illo

154 2158 273 2198 Hasta
304 2169 378 2196 nec
409 2163 549 2196 exutae
582 2162 761 2196 contorto
795 2155 957 2194 verbere
990 2154 1174 2207 glandes,

153 2216 234 2256 Nec
267 2215 500 2267 Gortyniaco
533 2214 702 2254 calamus
734 2214 828 2253 levis
861 2215 940 2252 exit
971 2212 1017 2252 ab
1051 2225 1166 2252 arcu.

156 2275 272 2314 Collis
305 2286 402 2326 apex
434 2273 552 2313 medii
584 2273 773 2312 subiectis
804 2273 983 2311 imminet
1013 2273 1138 2311 arvis:

68 2341 134 2373 780
155 2333 287 2373 Tollor
319 2346 397 2386 eo,
429 2334 617 2385 capioque
650 2333 739 2371 novi
772 2331 993 2383 spectacula
1026 2342 1190 2380 cursus,

1026 2395 1094 2430 10*
