1554 2506
98 86 182 130 152
354 98 482 122 scum
648 83 863 120 METAMM
874 110 885 121 .

213 195 382 236 Victoris
414 194 556 247 placidi
587 194 682 233 fecit
712 192 917 232 clementia
950 193 1104 233 multis.

213 255 320 294 Iusta
351 255 454 306 gerit
485 256 593 292 certe
625 263 697 304 pro
729 256 819 291 nato
850 251 950 291 bella
979 258 1208 305 perempto,

213 313 264 353 Et
295 323 490 363 causaque
522 310 622 349 valet
653 321 888 362 causamque
920 310 1122 350 tuentibus
1154 312 1294 351 armis:

155 380 200 412 60
219 371 270 411 Ut
300 377 395 423 puto
413 401 425 423 ‚
456 371 687 408 vincemur.
726 369 793 420 qui
824 370 858 407 si
889 374 1020 408 manet
1051 371 1178 409 exitus
1208 369 1372 422 urbem,

215 429 271 470 Cu
326 440 420 468 suus
452 427 548 467 haec
573 426 628 466 illi
659 432 812 467 reseret
842 439 928 466 mea
960 429 1113 467 moenia
1142 427 1294 467 Mavors

214 488 245 527 E
272 499 374 532 (non
405 491 540 526 noster
572 497 680 525 amor
699 483 720 525 ἱ)
752 485 892 526 melius
924 487 1008 525 sine
1041 485 1159 526 caede
1191 498 1378 539 moraque

213 547 459 598 Inpensaque
491 546 553 584 sui
583 545 729 596 poterit
760 556 946 596 superare
979 546 1155 585 cruoris.

214 605 301 644 Non
333 609 504 644 metuam
537 608 644 643 certe
663 635 675 657 ‚
707 615 756 642 ne
789 604 876 654 quis
909 608 975 643 tua
1005 609 1165 655 pectora
1184 635 1195 657 ,
1226 603 1378 657 Minos,

152 671 194 704 65
214 663 403 702 Vulneret
433 661 679 714 inprudens.
717 662 804 713 quis
838 663 942 701 enim
973 668 1051 701 tam
1084 662 1192 701 dirus
1211 694 1222 714 ,
1252 668 1297 702 ut
1327 664 1367 701 in
1399 668 1436 702 te

213 721 391 773 Dirigere
422 722 601 760 inmitem
632 732 710 759 non
741 721 890 759 inscius
922 721 1062 760 audeat
1091 721 1242 760 hastam
1254 718 1291 760 ’θ’

217 780 363 832 Coepta
394 780 550 832 placent
581 784 621 818 et
652 784 729 818 stat
760 780 954 818 sententia
986 779 1142 818 tradere
1174 791 1308 820 secum

214 839 390 878 Dotalem
420 839 587 890 patriam
618 837 814 889 finemque
846 839 1036 889 inponere
1067 837 1192 877 bello.

215 897 358 937 Verum
390 897 488 936 velle
518 908 658 948 parum
690 901 778 936 est.
817 893 960 936 ‘aditus
992 896 1169 936 custodia
1201 901 1352 936 servat:

154 966 198 998 70
219 956 474 1007 Claustraque
506 960 709 1008 portarum
729 956 884 1006 genitor
909 960 1046 994 tenet.
1085 954 1190 994 hunc
1221 967 1293 1007 ego
1314 954 1439 995 solum

215 1015 353 1055 InFeHx
385 1016 504 1053 timeo
524 1045 535 1066 ,
567 1013 673 1053 solus
705 1025 789 1052 mea
822 1019 909 1053 vota
940 1019 1138 1053 moratur.

214 1074 261 1113 Di
292 1074 468 1112 facerent
485 1104 496 1125 ‚
528 1073 612 1111 sine
643 1078 754 1124 patre
786 1071 939 1112 forem!
973 1071 1047 1111 sibi
1075 1073 1242 1123 quisque
1261 1073 1440 1124 profecto

215 1132 287 1171 Est
317 1132 444 1171 deus.
481 1131 629 1182 ignavis
661 1129 846 1181 precibus
877 1130 1051 1170 Fortuna
1082 1136 1298 1183 repugnat.

216 1191 346 1230 Altera
378 1189 593 1229 iandudum
625 1200 814 1228 succensa
847 1189 1029 1241 cupidine
1061 1194 1169 1229 tanto

152 1257 195 1290 75
215 1249 388 1289 Perdere
421 1247 638 1299 gauderet,
671 1247 946 1298 quodcumque
979 1247 1153 1288 obstaret
1183 1249 1328 1288 amori.

216 1308 266 1347 Et
297 1319 369 1347 cur
400 1306 479 1346 ulla
511 1307 613 1345 foret
644 1318 705 1345 me
738 1304 918 1346 fortior?
949 1308 1007 1346 ire
1038 1319 1111 1358 per
1141 1308 1252 1359 ignes

217 1366 267 1406 Et
297 1366 445 1418 gladios
477 1366 631 1404 ausim.
669 1377 743 1404 nec
774 1366 814 1404 in
845 1364 920 1404 hoc
950 1370 1082 1405 tamen
1112 1365 1268 1417 ignibus
1300 1365 1388 1405 ullis

216 1426 294 1464 Aut
325 1423 462 1475 gladiis
494 1435 593 1475 opus
624 1429 712 1463 est.
750 1435 849 1475 opus
892 1429 952 1463 est
982 1424 1077 1463 mihi
1114 1426 1223 1464 crine
1253 1429 1440 1477 paterno.

218 1483 287 1523 Illa
318 1482 414 1522 mihi
445 1487 506 1521 est
537 1493 632 1521 auro
657 1483 869 1534 pretiosior
887 1514 898 1535 ‚
929 1482 993 1521 illa
1024 1482 1177 1522 beatam

154 1551 198 1583 80
217 1541 399 1593 Purpura
430 1553 491 1580 me
524 1542 682 1591 votique
714 1542 790 1580 mei
822 1541 972 1580 factura
1001 1546 1202 1593 potentem
1216 1536 1241 1580 .'

277 1600 385 1639 Talia
416 1599 563 1638 dicenti
595 1611 779 1638 curarum
811 1601 976 1639 maxima
1007 1602 1143 1639 nutrix

218 1659 303 1699 Nox
334 1659 577 1709 intervenit3
608 1657 862 1709 tenebrisque
895 1658 1055 1698 audacia
1085 1660 1230 1699 crevit.

219 1719 350 1757 Prima
382 1719 495 1769 quies
527 1716 690 1769 aderat,
723 1728 798 1768 qua
830 1719 936 1756 curis
968 1718 1071 1756 fessa
1102 1718 1254 1757 diurnis

218 1777 386 1816 Pectora
417 1787 579 1815 somnus
617 1774 761 1815 habet.
801 1775 990 1815 thalamos
1028 1778 1222 1816 taciturna
1258 1781 1442 1828 paternos

155 1844 199 1875 85
220 1835 373 1887 Intrat,
405 1839 473 1887 et,
505 1834 582 1872 heu
615 1833 794 1873 facinus!
827 1834 932 1873 fatali
963 1840 1052 1874 nata
1081 1840 1286 1887 parentem

221 1893 337 1933 Crine
369 1905 486 1932 suum
517 1892 686 1945 spoliat,
716 1892 938 1944 praedaque
970 1893 1291 1944 potmefanda

158 1961 202 1993 88
223 1952 299 1991 Per
331 1952 481 1991 medios
512 1951 646 1990 hostes
679 1972 734 1980 —
766 1953 898 1990 meriti
928 1951 1070 1991 fiducia
1101 1957 1207 1992 tanta
1237 1958 1298 1991 est
1328 1974 1383 1981 —

221 2011 406 2049 Pervenit
437 2010 483 2049 ad
514 2022 677 2061 regem.
716 2022 834 2062 quem
865 2011 921 2049 sic
953 2011 1065 2049 affata
1097 2016 1300 2063 paventem
1333 2016 1415 2050 est:

157 2080 202 2110 90
225 2067 372 2108 eSuasit
404 2080 512 2107 amor
544 2069 724 2108 facinus.
762 2069 894 2120 proles
926 2081 996 2121 ego
1029 2071 1136 2121 regia
1166 2069 1251 2109 Nisi

223 2127 349 2179 Scylla
381 2127 452 2166 tibi
483 2133 534 2166 trf
547 2127 594 2166 do
626 2129 854 2180 patriaeque
886 2140 1073 2179 meosque
1105 2133 1290 2180 penates.

221 2187 399 2227 Praemia
431 2185 538 2225 nulla
569 2193 661 2237 peto
679 2218 691 2239 ‚
722 2188 798 2225 nisi
829 2192 897 2226 te.
936 2199 1031 2239 cape
1062 2188 1205 2240 pignus
1237 2188 1380 2226 amoris

221 2246 474 2297 Purpureum
506 2246 685 2297 crinem,
717 2258 790 2285 nec
822 2258 884 2285 me
916 2257 1022 2285 nunc
1055 2246 1212 2286 tradere
1244 2247 1417 2298 crinem,

224 2305 301 2345 Sed
332 2305 505 2357 patrium
536 2302 608 2343 tibi
640 2304 757 2344 crede
791 2301 921 2357 caput'
955 2305 1222 2356 scelerataque
1254 2303 1386 2343 dextra
