1538 2496
51 122 136 165 276
293 134 454 158 GALATRA
603 120 818 155 METAMM
833 147 841 155 .

169 233 293 272 Enixa
325 239 415 285 est,
447 244 546 283 quae
579 243 666 270 sum
697 229 813 269 turba
845 242 1002 282 quoque
1034 236 1119 270 tuta
1150 242 1356 284 sororum,

169 292 256 331 Non
288 294 364 331 nisi
394 303 466 343 per
497 291 628 329 luctus
659 289 770 328 licuit
801 288 979 341 Cyclopis
1011 301 1185 328 amorem

83 358 149 390 745
170 347 369 402 Effugere'
401 355 441 388 et
471 349 652 387 lacrimae
684 360 821 387 vocem
852 347 1067 399 impediere
1098 348 1319 400 loquentis.

170 410 275 455 Quas
307 408 375 447 ubi
406 420 626 446 marmoreo
660 406 826 446 detersit
855 407 997 458 pollice
1028 408 1161 459 virgo,

169 468 220 507 Et
252 467 373 506 solata
404 467 517 505 deam
549 472 638 519 est,
670 463 792 505 ‘refer
809 498 821 518 ,
852 478 875 504 ο
908 467 1108 505 carissima
1125 462 1152 519 ,⁹
1185 465 1282 505 dixit

170 525 290 565 ‘Neve
321 528 380 565 tui
412 537 569 564 causam
600 531 689 576 tege
716 547 771 553 —-
804 537 892 564 sum
923 524 996 564 tibi
1027 525 1102 564 fida
1129 546 1184 553 —
1210 524 1381 564 doloris.

168 585 308 624 Nereis
339 584 400 623 his
434 590 571 623 contra
601 590 784 623 resecuta
817 583 1019 623 Crataeide
1052 589 1184 623 natam
1216 589 1298 623 est:

82 651 150 684 ‘150
171 641 274 682 ‘Acis
308 649 392 682 erat
422 643 555 682 Fauno
588 643 836 694 nymphaque
870 642 1119 694 Symaethide
1153 647 1311 695 cretus,

168 702 305 753 Magna
338 702 497 752 quidem
527 703 729 753 patrisque
762 703 825 741 sui
854 703 1071 752 matrisque
1101 700 1304 753 voluptas,

168 761 310 800 Nostra
342 768 472 800 tamen
504 762 657 799 maior.
695 772 783 799 nam
816 772 879 799 me
911 759 986 799 sibi
1017 761 1199 799 iunxerat
1228 761 1321 800 uni.

167 820 338 858 Pulcher
371 826 411 858 et
442 821 593 858 octonis
625 821 771 858 iterum
802 819 997 858 natalibus
1029 820 1127 858 actis

170 878 352 930 Signarat
383 877 502 917 dubia
532 884 690 917 teneras
721 878 905 929 lanugine
936 877 1080 917 malas.

81 944 148 977 755
168 936 282 977 Hunc
314 950 385 989 ego
405 969 416 990 ,
448 949 510 976 me
544 936 709 988 Cyclops
740 936 847 975 nulla
878 948 969 976 cum
999 937 1077 975 fine
1108 935 1292 988 petebat:

167 995 278 1048 Nec,
311 998 346 1035 si
377 997 593 1047 quaesieris
612 1027 623 1048 ‚
655 995 788 1034 odium
821 995 1029 1048 Cyclopis,
1062 1007 1221 1034 amorne

168 1054 300 1094 Acidis
330 1056 371 1094 in
403 1054 517 1093 nobis
549 1055 671 1093 fuerit
700 1055 947 1106 praesentior
965 1086 977 1107 ‚
1009 1054 1145 1093 edam:

167 1114 244 1153 Par
275 1119 489 1164 utrumque
522 1113 624 1152 fuit.
663 1125 736 1164 pro
754 1145 766 1165 ,
797 1118 942 1164 quanta
973 1114 1149 1164 potentia
1179 1113 1293 1164 regni

168 1172 269 1225 Est,
300 1172 431 1211 Venus
459 1171 557 1210 alma
575 1203 587 1224 ,
618 1170 706 1210 tui!
738 1183 880 1223 nempe
911 1170 976 1210 ille
1008 1172 1158 1210 inmitis
1190 1176 1230 1210 et
1260 1172 1356 1223 ipsis

81 1239 149 1272 760
169 1231 401 1271 Horrendus
434 1231 540 1269 silvis
573 1235 612 1269 et
643 1232 750 1269 visus
783 1229 830 1268 ab
862 1230 1017 1281 hospite
1048 1229 1156 1269 nullo

168 1290 320 1342 Inpune
339 1322 350 1342 ‚
381 1296 422 1329 et
452 1290 583 1341 magni
614 1301 705 1328 cum
737 1288 796 1328 dis
829 1294 1077 1341 contemptor
1109 1288 1287 1342 Olympi,

1384 519 1398 539 9

170 1349 273 1395 Quid
305 1350 356 1388 sit
387 1361 495 1387 amor
513 1380 525 1401 ‚
557 1349 706 1400 sentit,
737 1347 940 1399 validaque
972 1347 1158 1400 cupidine
1190 1353 1328 1399 captus

167 1408 306 1447 Uritur
324 1439 335 1460 ‚
367 1407 511 1446 oblitus
543 1419 733 1458 pecorum
765 1412 1049 1458 antrorumque
1081 1418 1268 1446 suorum.

168 1466 327 1518 Iamque
359 1466 432 1505 tibi
462 1467 611 1504 formae
629 1498 641 1518 ‚
672 1467 828 1517 iamque
860 1472 923 1505 est
958 1465 1031 1505 tibi
1071 1477 1167 1505 cura
1197 1465 1376 1517 placendi

81 1525 250 1565 '1651am
281 1524 429 1576 rigidos
460 1526 585 1576 pectis
618 1526 785 1577 rastris,
815 1523 1053 1576 Polypheme
1071 1555 1084 1577 ‚
1116 1524 1300 1576 capillos3

169 1584 249 1623 lam
279 1584 376 1623 libet
406 1583 600 1622 hirsutam
631 1583 703 1622 tibi
734 1583 831 1622 falce
863 1583 1041 1622 recidere
1073 1582 1258 1636 barbam,

169 1643 218 1682 Et
250 1648 429 1694 spectare
463 1643 568 1681 feros
599 1643 640 1681 in
672 1654 772 1693 aqua
804 1647 844 1680 et
875 1653 1112 1693 componere
1142 1641 1298 1682 vultus.

171 1702 308 1741 Caedis
341 1712 450 1740 amor
480 1702 694 1752 feritasque
728 1702 892 1752 sitisque
923 1702 1102 1739 inmensa
1133 1702 1287 1740 cruoris

171 1760 336 1800 Cessant
354 1792 365 1812 ‚
397 1765 437 1799 et
467 1765 575 1799 tutae
607 1761 849 1811 veniuntque
881 1758 1106 1811 abeuntque
1138 1761 1316 1799 carinae.

81 1826 149 1860 770
169 1819 352 1858 Telemus
384 1821 535 1858 interea
568 1818 739 1857 Siculam
772 1818 924 1857 delatus
956 1818 1212 1871 ειῐΪἊεῐηθῃ,

169 1878 354 1917 Telemus
385 1877 620 1929 Eurymides
638 1909 649 1930 ,
682 1890 800 1928 quem
831 1877 938 1916 nulla
968 1877 1162 1916 fefellerat
1191 1876 1296 1930 ales,

169 1936 404 1976 Terribilem
434 1936 702 1988 Polyphemon
734 1936 841 1988 adit,
874 1932 1054 1975 “lumen'
1087 1947 1163 1987 que
1181 1967 1194 1988 ,
1226 1933 1347 1987 ‘quod

1275 2007 1398 2034 unum

171 2054 316 2093 Fronte
351 2057 456 2106 geris
488 2055 616 2094 media
634 2087 645 2108 ‚
676 2056 803 2106 rapiet
833 2051 920 2093 tibi'
954 2054 1052 2093 dixit
1084 2050 1287 2093 ‘Ulixes.''

171 2112 272 2151 Risit
303 2119 343 2152 et
374 2110 427 2151 “0
460 2121 591 2153 vatum
623 2114 874 2152 stolidissime
893 2145 904 2166 ‚
935 2113 1082 2152 falleris
1101 2109 1128 2165 ‚'
1159 2114 1288 2164 inquit
1520 2143 1538 2166 3,

82 2179 151 2211 '175
173 2169 320 2210 <Altera
351 2173 428 2210 iam
459 2174 590 2224 rapuit
609 2169 651 2211 .”
690 2174 746 2212 sic
778 2173 927 2211 frustra
957 2184 1049 2211 vera
1079 2177 1306 2211 monentem
1519 2167 1538 2315 ¹

172 2229 361 2282 Spernit,
395 2236 433 2268 et
464 2238 529 2269 aut
562 2231 745 2282 gradiens
775 2232 927 2282 ingenti
958 2230 1073 2270 litora
1103 2242 1222 2282 passu

171 2288 362 2339 Degravat
379 2321 390 2341 ,
423 2295 489 2328 aut
521 2290 647 2328 sessus
681 2290 754 2329 sub
781 2302 900 2342 opaca
932 2291 1146 2329 revertitur
1177 2295 1310 2336 antra.

171 2347 374 2386 Prominet
404 2349 442 2386 in
476 2354 641 2399 pontum
673 2355 863 2388 cuneatus
896 2350 1074 2388 acumine
1106 2348 1221 2400 longo
