1518 2501
108 67 260 104 XXXVI

109 179 212 228 tunt,
243 190 321 217 non
353 176 493 226 potuit,
525 174 643 212 misit.
769 168 855 211 408
889 179 1040 211 cumn
1073 177 1272 217 QUOQUE.
1321 169 1443 208 cultus

108 237 200 276 libri
231 248 375 274 omnes.
521 229 605 270 433
637 230 920 270 TECTAPHON
953 236 1189 268 ommuni:
1221 236 1251 266 A
1283 235 1441 266 summo

108 302 305 333 VER'rmE
351 299 565 331 FRENDrr.
628 289 741 328 Tecta
778 284 1027 341 (interpolati
1062 281 1222 338 Iuncta)
1263 286 1441 335 phonole-

107 353 416 400 niden—steyn
446 350 485 387 M
529 351 569 387 et
605 348 795 398 plerique.
857 347 1138 386 TECTAPHON
1188 345 1283 384 olim
1328 343 1443 383 dede-

109 424 204 461 ram,
237 410 340 460 quod
371 420 513 447 nomen
543 409 605 446 est
638 407 743 456 apud
774 406 961 445 Nonnum
987 405 1101 443 Dion.
1122 412 1219 443 XXX
1241 404 1323 442 128
1359 403 1441 441 133

113 471 205 508 184.
256 468 387 507 addidi
428 478 546 513 nunc,
585 478 661 514 quo
699 465 908 504 locutionis
946 463 1159 502 insolentia
1198 462 1354 512 reliqua
1384 473 1443 499 re-

109 530 324 567 moveatur.
375 525 520 564 similia
551 526 764 562 narrantur
795 532 825 562 v
846 524 914 571 56,
947 523 1187 572 franguntur
1219 532 1321 569 ossa,
1353 531 1443 558 eon-

108 586 325 624 funduntur
356 596 442 623 ora:
474 596 499 622 a
529 594 675 622 summo
706 584 840 621 vertice
870 583 1003 630 franyi
1033 581 1205 630 aliquem
1229 578 1346 617 nihili
1370 580 1443 617 est.

106 646 279 692 frendere
321 644 383 682 est
424 643 618 691 franyere,
663 641 774 679 Paul.
813 641 921 679 Diae.
954 653 992 689 p.
1020 641 1093 689 91,
1123 641 1192 687 12,
1238 637 1308 676 sed
1339 632 1444 675 ‘eon-

106 704 292 752 fringere,
319 703 533 750 conterere,
560 695 827 743 contundere,'
859 712 897 748 p.
922 700 988 748 74,
1011 700 1075 737 17.
1125 698 1230 735 inest
1250 695 1446 746 quaedam

107 760 288 799 dictionis
329 760 542 809 asperitas,
579 759 771 796 inusitata
809 756 968 796 Ovidio:
1013 756 1142 795 simile
1186 758 1321 794 tamen
1356 762 1445 793 XIII

107 821 203 858 492.
252 819 452 857 nominum
498 817 742 867 quorundam
786 816 827 854 in
869 815 1058 865 proximis
1103 815 1190 852 450
1230 815 1318 852 460
1361 824 1444 851 cor-

107 878 227 916 rectio
259 890 338 916 non
369 876 530 926 egregie
562 876 658 914 mihi
690 875 818 914 cessit.
950 870 1035 912 488
1068 879 1299 912 PERCUSSO
1331 879 1445 910 ΒΑΜ-

107 944 224 975 MINA
251 943 413 975 GALLO.
465 934 670 973 emendavi
698 934 803 973 olim.
853 933 947 971 libri
972 932 1074 970 collo.
1195 928 1278 970 527
1312 930 1444 968 HANG

107 1003 170 1033 IBI
209 995 360 1044 scripsi.
415 995 480 1032 ubi
516 993 619 1031 libri.
769 988 853 1030 566
885 999 1056 1030 mmm
1088 997 1180 1038 QUA
1211 997 1446 1029 sunm'rmz

106 1061 209 1092 ΑΒΔ.
258 1053 421 1102 propius
455 1052 527 1090 hoc
559 1051 609 1089 ad
639 1051 680 1088 M
712 1050 992 1089 auctoritatem
1022 1050 1134 1088 lateri
1159 1060 1237 1097 qua
1266 1049 1446 1096 funditur

107 1107 247 1163 (supra
284 1111 430 1160 scripto
467 1106 499 1161 i)
539 1111 604 1148 ala
642 1109 808 1158 aceedit,
846 1121 964 1158 quam
1002 1108 1107 1157 quod
1136 1107 1444 1156 interpolatores

106 1170 419 1216 introduxerunt,
452 1170 632 1216 iunyitur.
695 1168 758 1205 ala
795 1168 884 1216 ipsa
919 1178 1109 1216 percussa
1147 1168 1253 1216 erat,
1290 1179 1327 1205 v.
1347 1166 1445 1204 570.

107 1229 193 1267 alae
223 1229 330 1266 latus
368 1228 549 1276 cingunt,
586 1228 632 1264 ut
663 1228 725 1264 est
756 1234 803 1264 VI
825 1226 927 1275 718,
958 1237 1048 1263 cum
1078 1224 1252 1264 volucris
1285 1223 1445 1273 compli-

107 1287 204 1325 catis
250 1286 398 1324 adstat:
444 1285 512 1323 sed
555 1285 709 1323 alarum
750 1286 888 1322 ternae
933 1285 1026 1321 sunt
1069 1285 1225 1334 partes,
1272 1282 1446 1333 gen-iculi

107 1346 207 1394 bini,
252 1357 419 1394 quorum
462 1344 562 1381 alter
602 1343 707 1381 latus
751 1343 871 1392 tegit,
916 1343 1017 1380 alter
1058 1342 1108 1379 ad
1150 1341 1334 1391 iugulum
1371 1341 1446 1379 eri-

109 1404 228 1453 gitur.
377 1399 463 1440 570
500 1402 714 1440 INFERms
753 1408 937 1450 PENNIS,
978 1409 1038 1438 Εἰ·
1077 1408 1210 1447 QUAE.
1266 1400 1447 1448 Infirmis

110 1465 207 1500 ——et
249 1473 325 1509 qua
367 1460 425 1510 M,
469 1461 659 1507 Infirmus
702 1472 802 1497 unus
843 1460 944 1497 liber
984 1459 1102 1508 paulo
1143 1458 1300 1509 melior,
1349 1469 1448 1506 quae

108 1520 239 1569 pauci,
278 1521 323 1557 ut
361 1519 417 1557 ait
454 1518 652 1557 Heinsius.
708 1518 886 1557 infirmae
923 1529 1073 1567 pennae
1111 1517 1282 1556 absurde
1313 1516 1448 1555 dicun-

107 1582 185 1616 tur.
247 1578 310 1616 ala
347 1577 485 1615 dextra
515 1576 748 1626 praepedita
782 1577 943 1615 sinistra
973 1576 1224 1626 movebatur,
1263 1575 1448 1614 dextrum

108 1649 249 1686 eorpus
293 1636 524 1674 inclinatum
573 1635 780 1684 pendebat.
841 1636 1005 1682 inferius
1051 1634 1285 1673 adverbium
1337 1634 1448 1674 volui

108 1707 211 1744 esse,
243 1697 288 1733 ut
318 1702 352 1732 11
375 1695 476 1743 208,
508 1696 668 1732 interius
692 1702 740 1732 VI
762 1695 857 1742 306,
890 1694 1052 1732 exterius
1081 1701 1130 1732 VI
1150 1694 1247 1732 420.
1301 1693 1447 1742 neseio,

110 1766 159 1791 an
189 1766 259 1802 pro
293 1754 405 1800 affixi
437 1753 518 1801 legi
555 1754 733 1801 praestet
758 1753 877 1798 offixi.
1028 1751 1284 1790 Coniecturas
1315 1751 1448 1801 recepi

109 1812 262 1850 Heinsii
307 1813 356 1849 61
408 1812 488 1849 256
536 1812 618 1849 382
663 1812 748 1849 454
798 1812 879 1849 618
936 1811 1161 1861 Huygensii
1205 1811 1257 1849 69
1314 1809 1448 1848 Lenzii

114 1871 192 1908 131
250 1870 438 1907 Roscheri
472 1870 553 1908 308
606 1870 688 1908 353
746 1869 808 1906 Al.
847 1869 964 1907 Riese
996 1870 1094 1908 m
1154 1868 1306 1907 Erfurt.
1343 1868 1448 1907 Mar-

110 1929 220 1966 ciano
264 1928 495 1976 praestabat
536 1930 587 1966 17
627 1929 811 1975 avidoque
845 1928 896 1966 18
943 1929 998 1966 30
1035 1939 1117 1967 var.
1155 1939 1228 1965 sor.
1290 1928 1344 1965 46
1393 1928 1448 1966 60

112 1988 166 2024 64
207 1987 260 2024 70
301 1988 351 2024 71
391 1998 473 2024 var.
507 1998 578 2024 ser.
638 1988 719 2025 104
753 1987 858 2025 elusa
878 1981 1182 2039 (M?)—sensit
1232 1987 1313 2024 106
1362 1987 1448 2025 110

110 2044 222 2085 Solus
253 2045 441 2083 echionias
491 2046 574 2083 120
620 2047 700 2083 121
750 2046 829 2083 122
879 2046 960 2083 133
1010 2046 1090 2084 158
1139 2045 1220 2084 167
1258 2056 1342 2084 var.
1374 2055 1448 2083 ser.

115 2104 195 2141 176
245 2103 323 2141 195
371 2104 453 2141 244
499 2103 581 2141 268
628 2105 709 2143 295
756 2104 838 2142 298
886 2104 970 2143 300
1000 2105 1179 2154 reuulsit,
1210 2103 1316 2153 quod
1351 2103 1449 2142 reci-

113 2161 300 2210 piendiun
332 2161 434 2210 duxi,
466 2161 526 2199 uti
557 2173 603 2199 ex
633 2161 674 2200 M
698 2170 783 2201 VIII
804 2162 887 2201 585
931 2171 982 2201 XI
1008 2164 1081 2213 38,
1130 2161 1449 2212 quandoquidem

113 2219 283 2257 Charisii
315 2232 351 2268 p.
368 2221 463 2269 249,
508 2219 709 2259 Diomedis
741 2222 892 2271 p.372,
934 2221 1130 2260 Prisciani
1159 2220 1274 2258 lib.x
1297 2221 1449 2271 p.526‚

113 2279 195 2316 527
230 2278 464 2316 testimoniis
497 2280 629 2317 tutum
659 2282 720 2317 est
778 2281 859 2318 313
893 2280 1053 2320 dederas
1103 2280 1185 2319 321
1234 2279 1316 2319 332
1363 2280 1447 2319 336
