1507 2580
458 613 942 662 EMENDATIONIS

52 705 429 750 CONSPECTUS
460 707 538 749 ET
570 705 882 750 RATIONES.
941 705 1347 751 RETRAOTATA„

145 813 253 856 LIB.
284 813 306 855 I
343 830 379 855 v.
411 813 439 855 2
477 820 635 867 ILLAC‚
683 817 789 866 quod
827 816 933 867 dedi,
973 818 1102 867 magis
1143 831 1187 857 eo
1228 818 1375 868 signifi-

27 878 118 915 catu
143 876 348 926 intellego,
374 888 450 925 quo
478 878 541 914 est
564 885 612 914 IV
633 877 716 914 435
746 884 832 914 VIII
854 877 951 926 186,
977 878 1107 915 eadem
1135 878 1231 927 290,
1257 889 1377 926 quam

27 948 104 985 quo
135 943 185 974 IV
207 936 291 973 360
324 936 395 972 aut
424 934 465 972 in
495 935 581 973 loco
607 946 631 972 a
654 947 717 972 me
744 937 919 974 correcto
951 943 1038 973 XIII
1060 936 1156 974 694.
1206 948 1376 985 namque

25 994 115 1032 viae
141 993 337 1044 quaedam
361 992 567 1032 faciendae
599 993 733 1043 imago
758 994 1006 1044 obversatur,
1037 994 1182 1044 longae
1213 1006 1285 1043 per
1314 996 1378 1033 tot

27 1054 198 1104 aetates,
235 1054 442 1092 tortuosae
479 1054 521 1091 et
555 1053 815 1102 confragosae
853 1055 1019 1102 propter
1050 1053 1279 1103 argumenti
1309 1065 1376 1092 va-

25 1112 211 1151 rietatem
243 1114 284 1150 et
313 1111 545 1162 novitatem,
575 1112 681 1150 inter
705 1111 905 1151 Romanos
938 1113 1057 1163 certe,
1088 1114 1135 1150 ut
1166 1112 1266 1151 alias
1293 1113 1377 1162 glo-

25 1171 125 1209 riari
163 1171 315 1210 solitus.
375 1171 418 1208 in
455 1183 503 1208 ea
532 1171 600 1209 via
629 1171 742 1209 velut
778 1183 850 1219 per
881 1170 1076 1209 stationes
1108 1171 1191 1210 suis
1222 1172 1376 1210 vicibus

27 1229 91 1268 dei
129 1229 248 1268 duces
288 1231 329 1268 et
366 1229 530 1268 comites
572 1231 830 1279 expetuntur,
871 1229 941 1279 qui
982 1232 1053 1267 aut
1092 1229 1217 1280 aliqui
1256 1230 1376 1269 rebus

25 1288 239 1339 intersunt,
272 1289 343 1326 aut
374 1290 551 1326 suasmet
581 1289 660 1337 ipsi
690 1288 840 1326 formas
872 1290 1042 1326 mutant.
1090 1288 1376 1338 parentheseos

25 1347 133 1386 idem
175 1348 217 1386 in
260 1346 400 1386 eadem
443 1347 643 1386 sententia
684 1347 794 1386 locus
838 1349 879 1385 et
924 1347 1065 1386 modus
1113 1349 1176 1386 est
1215 1355 1265 1386 IV
1292 1349 1374 1387 661

27 1415 115 1445 XIII
135 1407 233 1446 597.
281 1406 400 1444 huius
425 1406 770 1456 interpretationis
800 1406 1066 1456 perspicuitas
1093 1406 1201 1456 perit
1225 1406 1268 1446 in
1291 1407 1378 1446 vul-

27 1467 126 1515 gata
150 1465 361 1515 scriptura.
411 1477 631 1515 pronomen
660 1465 752 1504 illas
781 1465 882 1503 nihil
914 1465 1021 1516 dicit,
1054 1465 1150 1515 quin
1179 1465 1288 1504 ultro
1318 1465 1377 1505 in-

26 1525 258 1575 tellegatur,
289 1524 399 1563 tollit
424 1524 522 1563 adeo
547 1524 649 1563 illud
675 1524 723 1562 de
747 1524 914 1565 mutatis
941 1524 1025 1563 deis
1050 1524 1167 1575 ipsis;
1200 1535 1246 1563 ao
1270 1524 1375 1574 quod

28 1583 229 1622 antecedit
259 1585 295 1622 et
323 1585 394 1622 aut
425 1583 648 1622 sententiae
679 1583 907 1622 molestiam
938 1585 1009 1622 aut
1041 1583 1235 1622 sermonis
1266 1587 1378 1622 creat

26 1642 293 1681 insolentiam.
353 1641 522 1692 Hauptii
563 1642 644 1680 fuit
681 1642 912 1693 explicatio,
951 1645 998 1680 ut
1041 1642 1104 1680 dei
1141 1642 1378 1682 invocentur

28 1701 114 1740 eius
145 1701 350 1751 potentiae
379 1702 556 1752 nornine,
594 1701 705 1740 cuius
742 1701 848 1740 inter
886 1701 964 1739 alia
1001 1701 1094 1739 illae
1132 1700 1377 1741 mutationes

28 1760 308 1799 documentum
339 1760 436 1799 sint:
468 1760 548 1811 cui,
581 1761 615 1798 si
646 1760 865 1810 optandum
896 1763 1014 1809 esset,
1045 1759 1301 1808 praeferrem,
1331 1762 1380 1799 ut

26 1819 287 1869 neglegentia
322 1821 464 1869 poetae
496 1821 718 1870 excusetur,
750 1819 892 1858 similis
924 1818 1170 1857 Horatianae
1203 1816 1326 1858 Serm.
1357 1827 1376 1858 1

33 1876 57 1913 6
90 1879 186 1928 101,
218 1890 296 1927 qua
325 1878 444 1917 nimis
477 1878 664 1928 ambigue
696 1881 731 1917 et
759 1891 832 1928 pro
861 1889 1006 1927 quoque
1031 1876 1187 1929 dixerit,
1217 1877 1280 1916 uti
1307 1890 1377 1928 po-

29 1937 111 1975 suit
148 1938 263 1976 etiam
297 1938 453 1976 Ix433
489 1938 572 1976 652
611 1938 794 1986 XI11843
833 1948 950 1975 sensu
988 1949 1051 1987 eo,
1089 1948 1166 1986 quo
1203 1936 1278 1976 hoc
1315 1938 1379 1976 est

28 2003 61 2034 x
87 1997 184 2034 223.
238 1996 379 2035 fecisse
415 1995 575 2035 videtur
612 1996 733 2035 etiam
764 2003 850 2034 VIII
877 1997 974 2046 247,
1015 1997 1184 2045 putatur
1218 2003 1250 2035 X
1278 1995 1377 2035 501.

29 2053 100 2092 sed
130 2055 235 2092 enim
266 2052 337 2104 „ev
368 2051 476 2108 ἀρχῇ
508 2053 716 2104 ποιήεεωε
744 2050 996 2103 παράλογον
1021 2051 1072 2093 οὐ
1099 2052 1152 2104 μὴ
1178 2051 1376 2103 ποιή(ω“.

150 2108 205 2151 15
235 2113 401 2160 U'rQnE
439 2122 565 2153 ERAT
603 2122 664 2152 ET
709 2121 892 2153 TELLUS
923 2121 1052 2152 ILLIc
1089 2121 1150 2152 ΕΤ
1189 2120 1375 2152 PONTUS

28 2179 89 2210 ET
122 2179 227 2210 AER.
277 2173 411 2222 sprevi
441 2173 827 2213 observatiunculam
859 2173 907 2212 de
943 2176 987 2212 ut
1021 2185 1095 2223 pro
1130 2173 1197 2211 ubi
1232 2173 1376 2222 posito,

29 2242 130 2281 quae
162 2233 252 2270 orta
281 2231 443 2270 videtur
473 2245 495 2270 e
526 2232 768 2282 comparatis
800 2231 954 2271 duabus
988 2231 1217 2282 scripturis,
1254 2230 1379 2279 thue

30 2293 112 2329 crat
141 2290 251 2329 tellus
280 2290 361 2330 illic
392 2293 427 2330 et
456 2283 560 2344 (cod.
584 2290 721 2342 Bern.;
751 2303 854 2341 mox,
885 2298 996 2341 puto,
1026 2286 1120 2344 fuit)
1153 2291 1194 2328 et
1220 2289 1378 2338 Quaque

28 2350 105 2399 fuit
135 2349 244 2388 tellus
273 2349 353 2389 illic
382 2353 426 2389 ut
456 2345 634 2402 (Porph.,
666 2363 713 2389 ex
743 2352 859 2401 parte
890 2350 945 2402 M,
975 2343 1176 2403 Plautia),
1208 2360 1377 2399 quarum
