1518 2501
95 79 178 115 XVI

94 186 328 243 recentiore)
370 192 448 229 121
492 190 572 228 156
606 201 694 227 cum
724 187 775 238 L3
805 187 847 226 in
876 187 919 225 M
949 198 1090 225 rasura
1120 185 1305 236 pervicax
1345 187 1426 226 181

97 251 190 300 198,
224 251 320 299 231,
353 250 435 287 298
469 261 557 286 cum
581 248 613 285 L
645 242 747 298 (437
782 247 866 294 stiy.
890 247 989 294 quod
1014 246 1117 284 auca
1146 245 1239 283 ME:
1271 248 1430 285 secutus

94 320 181 346 sum
211 308 256 358 L,
293 308 434 357 nescio,
476 318 593 356 quam
623 300 748 356 recte)
786 305 870 343 459
911 306 995 343 498
1029 316 1118 342 cum
1149 303 1181 341 L
1220 304 1304 343 567
1345 305 1428 343 717

94 379 182 404 cum
212 367 261 414 L;
293 368 408 405 misso
440 366 480 402 M
511 365 584 402 sub
615 377 693 402 ras.
732 365 828 402 726.

210 421 315 462 LIB.
346 420 387 463 V
429 438 464 463 v.
497 421 549 462 81
594 430 881 469 MURRAEQUE
926 430 975 460 m
1019 429 1241 461 PONDERA
1280 429 1430 460 MASSA

94 483 342 522 INGENTEM
365 503 414 509 —
439 490 664 520 CRATERA.
724 482 936 529 multaeque
978 482 1020 519 in
1060 481 1232 528 pondere
1279 491 1432 520 massae

92 543 289 590 Inyerztem
331 541 433 579 libri.
493 543 627 589 imeres
662 542 704 579 in
739 541 910 588 pondere
952 540 1018 579 vix
1057 539 1241 589 latinum,
1283 538 1433 577 nedum

93 603 234 649 poetae
266 603 338 639 est.
387 601 520 648 amens
549 601 592 638 in
615 600 792 647 pondera
823 598 973 636 dictum
1003 598 1113 637 volui
1143 600 1189 636 ut
1220 597 1360 636 celsum
1389 599 1433 636 in

95 671 238 698 cornua
274 670 424 697 cervum
455 667 486 696 x
508 659 608 705 537,
652 659 863 705 spatiosum
898 659 941 696 in
980 659 1140 704 yattwra
1175 668 1347 704 meryum
1381 664 1432 695 XI

97 718 192 767 753,
223 719 264 755 et
295 717 414 755 simili
444 716 750 766 praepositionis
783 728 858 754 usu
890 727 1053 754 crescere
1082 716 1125 754 in
1155 717 1339 765 spatium,
1370 715 1433 763 fu-

90 787 178 824 yere
201 777 244 814 in
267 777 446 824 spatium,
470 776 638 823 pendere
667 776 710 813 in
741 786 873 818 auras,
904 775 1003 820 flecti
1027 775 1070 812 in
1094 784 1269 822 umquem,
1300 781 1331 812 v
1346 773 1429 812 547

94 842 160 872 VII
181 835 264 873 783
297 842 382 872 VIII
405 834 485 871 145
521 835 616 873 881.
665 834 823 882 poterat
854 833 927 871 hoc
958 831 1156 882 sufficere3
1186 843 1280 870 nam
1311 831 1434 870 etiam

93 893 234 930 multae
269 893 312 930 in
340 893 517 939 pondera
552 903 703 931 massae
740 894 864 930 crater
907 890 1114 929 emendate
1157 890 1318 928 dicitur:
1362 889 1433 929 sed

93 951 303 989 videbatur
327 962 538 999 compages
569 950 758 989 orationis
792 950 933 999 aptior,
966 949 999 987 si
1030 961 1100 996 que
1129 949 1328 998 particula
1352 949 1433 988 ista

94 1021 183 1047 cum
212 1011 398 1058 ingentem
428 1011 691 1047 necterentur.
742 1008 998 1058 quamobrem
1029 1007 1120 1045 dedi
1149 1019 1304 1054 massa;
1335 1008 1433 1046 mal-

94 1071 163 1118 tae,
196 1068 300 1117 quod
331 1070 553 1117 supererat,
585 1067 818 1116 languidum
849 1066 1100 1116 iampridem,
1137 1066 1300 1104 removi.
1362 1065 1432 1104 Ce-

93 1126 266 1174 phenum
296 1126 407 1175 regio
440 1137 529 1164 cum
558 1126 646 1175 ipsa
674 1125 951 1163 Andromedae
981 1124 1120 1162 fabula
1149 1124 1345 1172 pertinuit
1382 1124 1434 1163 ad

94 1183 272 1224 Sidonios
315 1184 423 1233 illos,
468 1197 565 1233 quos
611 1184 752 1222 Strabo
784 1197 822 1232 p.
842 1184 896 1221 42
943 1180 989 1221 ἐν
1033 1183 1083 1234 τῇ
1122 1179 1228 1221 κατὰ
1264 1180 1433 1230 Πέρεαε

93 1239 277 1294 θαλάττῃ
331 1244 622 1280 commemorat.
683 1241 860 1279 murrina
914 1241 1082 1278 maxime
1131 1241 1173 1278 in
1223 1239 1434 1280 Carmania

93 1302 261 1339 inveniri
285 1300 400 1338 testis
425 1303 486 1339 est
504 1300 656 1339 Plinius
675 1300 724 1337 N.
739 1301 777 1337 h.
796 1308 963 1338 XXXVII
984 1301 1056 1349 213
1083 1299 1150 1348 qui
1169 1311 1258 1337 cum
1276 1312 1433 1339 massae

95 1359 243 1398 solidae
279 1359 439 1397 modum
475 1359 648 1397 modicos
693 1359 834 1396 abacos
880 1370 1067 1407 superare
1109 1360 1249 1408 negat,
1293 1361 1432 1408 poetas

93 1430 173 1455 non
214 1418 378 1456 curavit.
528 1414 582 1455 97
627 1417 728 1455 TUM
772 1424 961 1463 QUOQUE
983 1437 1038 1442 —
1058 1424 1264 1456 nom'rEs
1308 1417 1432 1456 ENsn

96 1483 246 1514 IACET.
296 1476 495 1525 Hauptius
530 1476 590 1513 Ta
620 1487 763 1524 quoque
784 1477 952 1514 —iaces
982 1475 1119 1514 edidit;
1167 1475 1238 1514 sed
1269 1473 1433 1515 Ovidius

95 1546 237 1582 Quoque
279 1534 496 1583 particulae
539 1534 670 1572 locum
712 1534 842 1573 variat
883 1534 1062 1584 mirifice;
1111 1534 1234 1573 habet
1283 1534 1434 1586 eodem,

96 1605 170 1642 quo
211 1593 274 1630 hie
311 1601 392 1631 XIV
415 1593 496 1630 1⁴58
536 1592 614 1631 Hic
652 1604 795 1640 quoque
831 1594 1064 1642 substiterat,
1108 1601 1169 1631 XV
1195 1594 1278 1631 431
1318 1593 1435 1641 Nunc

95 1663 237 1698 qaoque
274 1651 533 1689 Dardaniam.
595 1651 675 1689 alia
718 1664 764 1689 ex
803 1652 876 1689 hoc
916 1652 1089 1689 carmine
1135 1652 1228 1690 sunt
1270 1660 1356 1690 VIII
1378 1653 1431 1691 21

97 1710 178 1747 356
222 1711 393 1748 XII403
439 1718 526 1747 XIII
549 1711 632 1748 734
676 1718 740 1748 xv
762 1711 843 1748 247
879 1711 960 1748 359
997 1711 1093 1749 531.
1241 1708 1323 1749 117
1356 1719 1434 1748 RE-

96 1776 295 1807 ΤΕΝΤΑΤ.
331 1769 388 1806 ita
406 1768 463 1817 M,
496 1768 617 1806 etiam
647 1768 679 1805 L
712 1781 736 1806 a
766 1769 896 1817 prima
928 1781 1048 1806 manu
1079 1770 1289 1808 mutatum.
1328 1770 1435 1818 apud

96 1825 320 1875 Vergilium
353 1827 434 1864 cod.
466 1826 567 1864 Med.
599 1835 629 1864 v
650 1828 746 1865 278.
899 1824 979 1865 131
1014 1835 1263 1866 TOLLEBAT
1297 1835 1434 1868 'rums

96 1892 319 1923 ACERVOS.
378 1885 436 1923 ita
471 1885 512 1922 M
560 1885 631 1923 sub
675 1898 817 1924 rasura
863 1897 951 1924 cum
987 1874 1148 1935 effluet
1189 1886 1435 1938 Heinsianis3

96 1943 238 1992 reliqui
267 1944 390 1990 farris
421 1955 587 1983 aceruos.
623 1944 870 1983 Nasamones
895 1944 957 1982 far
983 1945 1207 1994 habuerint,
1239 1957 1291 1984 an
1314 1958 1436 1996 zeam,

95 2002 157 2039 uti
205 2001 393 2038 discernit
439 2002 590 2040 Plinius
633 2003 683 2041 N.
714 2003 752 2040 h.
789 2011 908 2042 XVIII
935 2004 1008 2054 82,
1056 2004 1277 2053 ignoratur.
1343 2005 1438 2044 tura

96 2059 268 2097 Arabiae
287 2059 392 2097 felici
417 2061 641 2099 attribuunt
665 2061 861 2100 Diodorus
887 2070 923 2100 ΙΙ
943 2063 998 2100 49
1032 2066 1073 2101 et
1097 2063 1252 2102 Plinius
1277 2071 1347 2101 XII
1368 2064 1436 2112 52,

96 2118 207 2167 isque
244 2119 327 2155 tam
365 2118 524 2156 definite
565 2123 606 2157 et
642 2121 752 2158 enixe
794 2121 890 2159 alibi
926 2121 1096 2160 inveniri
1138 2123 1278 2172 negat,
1322 2122 1438 2171 quasi

95 2176 272 2225 vulgatis
317 2177 517 2215 erroribus
562 2179 844 2217 occurrendum
890 2181 1106 2228 putaverit.
1167 2191 1213 2219 ae
1255 2179 1439 2220 videmus

97 2235 164 2283 56,
197 2235 264 2283 57,
296 2236 350 2273 59
389 2235 530 2273 Iubam
566 2249 702 2285 regem
739 2240 779 2276 et
810 2239 1115 2287 grammaticum
1145 2239 1258 2278 varia
1287 2252 1438 2289 genera

96 2292 308 2331 tradidisse
339 2293 380 2332 in
410 2294 571 2346 Arabia,
604 2294 826 2348 Carmania,
857 2298 1063 2349 Aegypto,
1096 2297 1307 2350 Sardibus,
1343 2298 1437 2338 Ale·
