1527 2580
536 100 621 135 XIV
639 127 646 145 ‚
675 102 835 135 60—132
853 126 860 133 .
1001 111 1144 133 smnus
1279 98 1364 139 285

142 211 356 264 Contudit,
389 216 429 250 et
459 212 568 261 rugis
599 211 795 262 peraravit
826 207 993 248 anilibus
1025 219 1116 261 ora3

143 271 319 322 Totaque
351 269 497 308 velatos
529 270 685 308 flaventi
717 280 883 319 corpora
914 267 1004 306 villo

143 329 248 368 Misit
278 330 319 368 in
350 328 420 367 has
452 327 594 366 sedes.
633 339 706 366 nec
738 338 816 365 non
849 327 959 377 prius
991 325 1152 364 abstulit
1182 336 1298 364 usum

144 387 362 427 Verborum
394 392 434 426 et
465 391 576 425 natae
609 385 693 424 dira
724 387 763 424 in
796 386 967 436 periuria
999 383 1178 435 linguae:

58 453 125 487 100
144 446 265 486 Posse
299 447 411 497 queri
443 451 594 484 tantum
626 456 744 483 rauco
777 443 946 482 stridore
978 442 1160 493 reliquit.

203 504 281 544 Has
313 503 381 544 ubi
412 505 617 555 praeteriit
648 508 688 541 et
718 501 1004 552 Parthenopeia
1036 501 1173 539 dextra

144 562 297 602 Moenia
329 563 504 602 deseruit
523 593 533 613 ‚
566 560 690 611 [laeva
721 560 769 599 de
801 566 910 611 parte
943 561 1077 598 canori

144 621 325 661 Aeolidae
357 620 552 659 tumulum
585 618 641 670 et]
675 619 759 658 loca
792 620 869 658 feta
894 617 1136 670 palustribus
1168 617 1309 670 undis,

145 679 276 719 Litora
309 678 520 718 Cumarum
538 710 550 731 ‚
580 679 802 728 vivacisque
834 682 945 716 antra
977 676 1144 728 Sibyllae

59 745 126 778 105
145 738 298 790 Intrat,
329 744 370 777 et
400 737 446 776 ad
478 748 612 776 manes
644 738 772 775 veniat
802 748 873 787 per
904 735 1056 774 Averna
1086 740 1298 786 paternos,

146 797 268 836 Orat.
307 802 347 836 at
377 796 440 835 illa
472 795 539 834 diu
570 795 721 834 vultum
752 794 893 833 tellure
925 798 1120 832 moratum

146 855 311 907 Erexit,
342 854 579 905 tandemque
611 854 683 893 deo
716 852 927 892 furibunda
959 857 1119 904 recepto

147 911 300 965 ‘Magna
330 915 432 965 petis
450 910 476 965 ‚³
509 912 607 952 dixit
638 909 712 950 ‘vir
744 912 856 950 sactis
888 912 1054 949 maxime
1073 941 1084 962 ,
1116 911 1228 949 cuius

147 971 315 1012 Dextera
346 983 417 1023 per
447 971 599 1010 ferrum
617 1001 628 1022 ‚
659 971 784 1022 pietas
816 974 990 1021 spectata
1020 980 1093 1020 per
1123 970 1257 1020 ignes.

62 1038 128 1071 110
147 1030 255 1070 Pone
288 1035 417 1070 tamen
435 1061 447 1082 ‚
477 1028 646 1068 Troiane
664 1060 675 1081 ‚
707 1034 886 1068 metum:
916 1028 1068 1079 potiere
1099 1028 1258 1080 petitis,

149 1089 379 1141 Elysiasque
410 1087 547 1127 domos
579 1093 620 1126 et
649 1098 770 1138 regna
801 1088 1011 1125 novissima
1041 1084 1178 1125 mundi

148 1148 208 1187 Me
240 1147 341 1187 duce
372 1158 585 1198 cognosces
618 1145 903 1195 simulacraque
936 1156 1026 1183 cara
1056 1144 1254 1195 parentis.

149 1206 254 1245 Invia
283 1206 420 1245 virtuti
452 1204 557 1243 nulla
589 1210 649 1243 est
679 1205 738 1242 via
760 1200 783 1242 .’
823 1203 949 1254 dixit;
988 1207 1028 1241 et
1058 1213 1154 1241 auro

149 1264 382 1316 Fulgentem
413 1274 566 1302 ramum
598 1262 693 1301 silva
723 1261 884 1301 Iunonis
915 1261 1089 1299 Avernae

65 1331 130 1363 115
149 1323 409 1375 Monstravit,
439 1322 634 1372 iussitque
666 1333 736 1359 suo
770 1319 953 1359 divellere
985 1324 1151 1358 trunco.

149 1381 287 1421 Paruit
316 1381 497 1433 Aeneas,
529 1385 569 1419 et
600 1378 854 1418 formidabilis
887 1377 979 1416 Orci

150 1440 256 1479 Vidit
285 1451 380 1491 opes
413 1444 622 1489 atavosque
654 1450 747 1477 suos
779 1436 1037 1487 umbramque
1069 1435 1231 1475 senilem

150 1498 384 1549 Magnanimi
414 1497 635 1536 Anchisae:
673 1495 808 1535 didicit
839 1507 996 1546 quoque
1028 1496 1114 1534 iura
1145 1494 1345 1546 locorum,

153 1557 339 1608 Quaeque
370 1557 481 1595 novis
513 1561 646 1595 essent
677 1553 854 1594 adeunda
885 1553 1059 1605 pericula
1091 1552 1226 1592 bellis.

66 1615 246 1655 1201nde
278 1615 410 1654 serens
441 1614 564 1653 lassos
597 1613 758 1652 adverso
790 1613 946 1651 tramite
977 1623 1140 1663 passus,

154 1673 251 1713 Cum
284 1673 384 1712 duce
417 1671 585 1711 Cumaea
616 1671 741 1710 mollit
772 1682 953 1709 sermone
984 1669 1180 1708 laborem.

153 1731 332 1783 Dumque
362 1732 438 1770 iter
462 1729 704 1769 horrendum
729 1741 800 1780 per
826 1740 946 1779 opaca
972 1727 1203 1779 crepuscula
1228 1729 1376 1780 carpit,

155 1788 250 1829 ‘Seu
282 1789 353 1829 dea
385 1794 427 1828 tu
460 1797 646 1840 praesens
665 1820 676 1841 ,
709 1799 778 1826 seu
812 1787 870 1825 dis
902 1788 1120 1837 gratissima
1138 1783 1165 1837 ,³
1197 1785 1295 1825 dixit

155 1846 351 1888 ‘Numinis
382 1849 507 1886 instar
539 1848 616 1885 eris
649 1857 804 1898 semper
836 1845 960 1897 mihi3
991 1856 1132 1895 meque
1166 1844 1318 1883 fatebor

69 1915 134 1946 125
154 1907 329 1946 Muneris
362 1918 447 1945 esse
481 1907 567 1958 tui,
599 1916 697 1956 quae
730 1916 791 1943 me
824 1903 907 1942 loca
940 1904 1078 1941 mortis
1110 1902 1242 1956 adire,

155 1966 263 2011 Quae
294 1965 378 2004 loca
410 1975 470 2003 me
502 1965 606 2003 visae
637 1963 795 2002 voluisti
827 1961 990 2000 evadere
1022 1963 1182 2000 mortis.

155 2024 231 2063 Pro
264 2023 406 2074 quibus
439 2024 562 2062 aerias
593 2023 745 2061 meritis
777 2026 935 2060 evectus
966 2019 1013 2058 ad
1045 2031 1159 2058 auras

156 2081 318 2133 Templa
350 2080 420 2120 tibi
453 2086 619 2119 statuam
638 2112 649 2133 ,
681 2079 850 2119 tribuam
884 2078 955 2117 tibi
986 2080 1086 2118 turis
1117 2078 1308 2118 honorem
1322 2075 1347 2118 .'

157 2140 334 2192 Respicit
364 2139 469 2178 hunc
501 2145 607 2178 vates
640 2145 679 2177 et
710 2137 971 2190 suspiratibus
1003 2137 1154 2176 haustis

71 2206 136 2239 130
156 2196 253 2237 ‘Nec
283 2197 356 2237 dea
387 2210 474 2237 sum
493 2194 519 2250 ,²
553 2197 648 2237 dixit
680 2193 768 2235 ‘nec
801 2197 901 2235 sacri
932 2197 1032 2235 turis
1061 2195 1212 2235 honore

157 2256 379 2296 Humanum
411 2255 571 2307 dignare
603 2260 747 2307 caput.
786 2266 863 2294 neu
895 2256 1052 2294 nescius
1084 2266 1219 2294 erres:

157 2314 241 2354 Lux
273 2320 430 2354 aeterna
463 2314 558 2353 mihi
589 2316 838 2366 carituraque
870 2314 946 2353 fine
979 2313 1165 2365 dabatur,
