1507 2580
1305 115 1389 152 XIII

49 229 319 280 effugiendum
344 228 408 269 vel
435 229 593 268 obelum
617 230 680 268 vel
706 229 965 268 dubitationis
993 240 1184 279 angorem
1210 227 1392 277 reddere3

50 292 144 328 sunt
184 291 320 328 tamen
363 300 647 337 saepenumero
693 289 881 338 graviora
924 300 1043 338 quam
1080 289 1150 326 aut
1192 288 1235 326 in
1273 286 1393 325 Hein-

50 348 172 387 sianis
210 347 386 398 repperi,
423 349 510 397 aut,
553 347 587 386 si
617 347 899 397 repperissem,
943 346 992 385 ab
1036 346 1117 385 illis
1155 346 1391 395 accepturus

49 419 170 445 eram.
233 419 280 445 ex
310 406 343 444 E
378 406 503 456 igitur
533 406 608 444 hoc
637 406 740 444 libro
774 406 895 445 ascivi
927 417 1027 455 quae
1059 405 1248 443 differunt
1278 415 1303 442 a
1332 404 1391 442 M:

50 466 135 505 463
174 460 235 519 (M
258 465 362 514 Ipse,
393 465 472 503 nisi
495 460 633 517 fallor)
672 465 755 503 482
789 460 898 517 (cum
923 459 1000 515 L?)
1040 464 1123 503 506
1165 464 1248 502 567
1282 463 1394 502 varia

51 535 125 563 scr.
157 523 246 563 adn.
285 525 369 563 597
403 524 513 563 delon
551 524 631 562 631
668 518 835 576 (pectore
865 518 924 576 M)
965 523 1047 562 695
1090 523 1171 561 713
1213 522 1309 561 728.

168 638 274 681 LIB.
305 638 369 681 IV
405 656 442 682 v.
474 639 530 681 46
568 650 793 682 MOTASSE.
842 643 901 681 ita
938 655 1010 691 pro
1047 644 1215 680 mutasse
1252 640 1395 689 scripsi

50 713 95 740 ac
140 702 412 750 probaverunt
457 703 694 741 tantumnon
739 714 885 740 omnes.
947 701 1174 750 corruptela
1215 711 1296 738 non
1339 699 1396 737 in-

49 760 253 810 frequens:
285 769 373 799 XIII
394 761 476 799 937
510 764 656 799 motare
686 761 788 800 latus
812 760 935 799 habet
960 760 1006 810 E,
1037 761 1231 809 perpetuo
1258 757 1398 797 eadem

50 818 257 858 confundit
300 818 474 858 Charisii
516 819 648 858 codex.
709 832 785 858 vox
835 821 898 858 est
939 818 1192 868 Vergiliana,
1240 816 1398 855 reddita

50 877 259 928 Propertio
291 885 346 917 111
369 880 420 917 19
454 880 552 916 extr.
578 879 628 916 ab
655 878 845 928 Hauptio,
876 879 987 928 puto,
1019 889 1119 916 anno
1145 877 1239 926 post
1262 886 1397 925 proec-

50 936 166 975 dosin
200 949 341 975 meam.
378 937 548 975 maxime
586 949 628 975 se
670 937 850 975 tuebitur
892 937 996 986 loco,
1041 948 1159 985 quem
1202 934 1398 983 expressit

51 995 229 1045 Ovidius,
256 994 508 1046 Cypriorum,
534 995 640 1045 apud
665 995 811 1034 Athen.
837 1008 875 1044 p.
891 995 976 1033 334
988 994 1029 1032 d:
1061 991 1129 1032 καὶ
1155 991 1326 1041 Νέμεα(
1345 1013 1395 1019 -

50 1051 161 1102 ἰχθύῖ
193 1051 389 1103 εἰδομένη
422 1051 586 1093 πόντον
618 1052 756 1093 πολὺν
788 1051 1052 1102 ἐξορόθυνεν.
1173 1049 1229 1091 48
1261 1059 1396 1090 ALBIS

50 1121 100 1151 m
133 1121 364 1153 TURRIBUS
396 1121 571 1152 EGERI'I'
604 1120 771 1152 ANNOS.
802 1114 862 1151 ita
891 1113 944 1150 M.
996 1111 1216 1150 Columella
1247 1119 1334 1149 v111
1354 1112 1397 1148 8:

50 1174 149 1211 totus
180 1175 308 1211 autem
338 1172 442 1211 locus
473 1176 507 1211 et
536 1174 644 1220 ipsae
675 1173 938 1211 columbarum
970 1171 1084 1210 cellae
1114 1171 1237 1218 poliri
1268 1170 1399 1208 debent

50 1231 136 1270 albo
173 1233 344 1275 tectorio,
383 1232 565 1279 quoniam
603 1242 644 1270 eo
681 1231 802 1270 colore
836 1231 1048 1279 praecipue
1091 1229 1296 1267 delectatur
1332 1228 1399 1267 hoc

47 1301 169 1338 penus
193 1291 335 1329 avium.
457 1287 513 1328 90
544 1297 641 1328 Lux
672 1297 830 1328 TARDE
863 1296 1129 1327 mSCEDERE
1161 1295 1267 1326 vlsA
1298 1294 1398 1326 EST.

49 1356 136 1388 EST
163 1348 299 1387 addidi
318 1361 365 1387 ex
383 1349 436 1386 M.
480 1348 657 1387 deletum
683 1360 770 1387 esse
789 1347 948 1387 videtur
974 1347 1024 1386 ab
1052 1346 1203 1385 artifice
1228 1346 1399 1396 proximi

51 1420 207 1446 versus:
253 1407 323 1446 sed
360 1419 450 1445 cum
487 1420 556 1446 eae
592 1406 923 1457 interpolationes
961 1418 985 1444 a
1022 1405 1236 1455 posteriori
1278 1417 1399 1443 manu

50 1467 92 1504 in
129 1467 392 1516 archetypum
430 1466 574 1505 codicis
611 1467 653 1504 M
690 1466 829 1505 illatae
867 1467 1020 1515 essent,
1064 1465 1181 1503 huius
1227 1464 1399 1503 scribam

50 1525 216 1564 haerere
246 1525 448 1563 interdum
479 1525 644 1563 dubium
674 1525 780 1563 inter
805 1538 945 1564 verum
976 1527 1017 1562 et
1041 1523 1225 1562 fraudem
1249 1523 1398 1569 videas,

50 1584 112 1622 uti
150 1596 272 1634 supra
302 1592 356 1622 111
378 1586 458 1622 641
494 1584 782 1634 demonstravi,
819 1583 925 1621 infra
958 1584 1040 1622 769
1081 1583 1297 1632 attingam,
1337 1582 1399 1620 cui

49 1643 136 1682 1000
163 1643 390 1682 simillimus
417 1645 479 1682 est
509 1651 595 1682 VIII
617 1644 714 1682 656.
765 1643 887 1681 etiam
917 1650 1003 1680 VIII
1025 1643 1078 1680 86
1113 1642 1167 1680 87
1202 1641 1250 1679 de
1276 1641 1398 1679 versi-

50 1701 125 1740 bus
157 1705 198 1740 et
229 1710 279 1740 XI
303 1703 382 1740 181
418 1702 466 1740 de
499 1703 708 1751 scripturis
739 1701 985 1741 inconstanti
1015 1700 1160 1738 iudicio
1192 1712 1322 1750 usum,
1354 1711 1399 1737 ac

50 1769 133 1799 XIV
154 1762 237 1800 383
278 1763 318 1799 et
357 1762 440 1800 722
478 1761 596 1810 plane
633 1761 695 1800 uti
730 1761 805 1800 hoc
840 1761 927 1799 loco
966 1772 990 1798 a
1027 1761 1162 1798 vetere
1200 1759 1400 1808 scriptura

51 1819 101 1857 ad
125 1820 474 1869 interpolationem
497 1820 720 1869 perrexisse
751 1819 972 1869 apparebit.
1022 1819 1126 1856 circa
1149 1817 1398 1867 Babylonem

50 1880 212 1928 praeter
247 1878 500 1929 Euphraten,
543 1879 612 1928 qui
648 1879 821 1917 mediam
858 1891 882 1916 a
920 1877 1189 1926 septentrione
1226 1877 1398 1926 perfluit,

49 1937 217 1987 paludes
248 1938 533 1976 commemorat
563 1937 763 1976 Diodorus
795 1945 831 1975 ΙΙ
853 1939 874 1975 7
911 1938 1026 1986 extr.;
1059 1936 1211 1974 Plinius
1243 1943 1293 1974 IX
1315 1936 1396 1974 175

49 1996 266 2045 Babylonis
300 1999 431 2047 riqua‚
471 1997 630 2036 diversa
669 2009 716 2035 ea
746 1996 932 2035 fortassis
964 2007 989 2033 a
1023 1996 1147 2043 riquis
1177 1995 1219 2033 et
1241 1995 1399 2044 paludi-

50 2055 132 2099 bus,
159 2067 256 2104 quas
283 2055 381 2094 dicit
405 2064 436 2095 v
457 2057 512 2095 90
545 2058 586 2094 et
611 2064 660 2094 VI
682 2056 777 2103 124,
811 2053 955 2092 Strabo
981 2067 1019 2103 p.
1041 2055 1138 2104 741,
1167 2055 1233 2092 12.
1273 2065 1399 2104 aquae

50 2113 272 2164 continuae,
299 2115 435 2163 quales
462 2128 498 2153 v.
521 2117 572 2153 91
607 2114 782 2152 indicare
807 2113 978 2163 videtur,
1010 2113 1144 2150 nullae
1171 2115 1275 2163 sunt,
1300 2113 1398 2151 urbs

10 2220 14 2222 Π
50 2168 98 2210 ἐν
130 2169 263 2224 πεδίῳ
309 2172 496 2212 Straboni
532 2187 570 2223 p.
605 2174 701 2211 738.
761 2184 902 2212 versus
946 2171 1147 2222 edolatus,
1189 2174 1307 2223 puto,
1348 2171 1398 2210 ab

51 2231 316 2270 ecclesiastico
349 2232 508 2270 homine
539 2231 757 2270 secundum
787 2231 951 2281 Apocal.
974 2239 1088 2281 XVII,
1119 2231 1253 2270 sedens
1283 2242 1399 2279 super

50 2301 174 2337 aquas
209 2291 373 2337 multas,·
416 2291 507 2330 colei
544 2291 608 2329 che
643 2291 744 2330 siede
779 2302 897 2339 sopra
933 2291 1093 2338 Z'acque,
1131 2290 1285 2329 Dantes
1322 2290 1396 2328 Inf.

49 2355 148 2400 XIX3
199 2350 269 2388 aut
309 2349 449 2388 Ierem.
488 2357 537 2388 LI
567 2350 618 2388 12
663 2346 764 2389 τοὺς
806 2349 1108 2390 κατοικοῦντας
1151 2347 1397 2399 Βαβυλῶνα,
