1538 2496
68 124 93 166 3
100 125 152 164 lO
269 135 493 158 PYTHAGORAS
612 120 680 155 ME
686 119 826 154 TAMM
839 145 848 154 .

186 233 286 279 Quid
320 232 435 284 Styga
455 263 466 284 ‚
497 230 589 282 quid
623 228 804 268 tenebras
842 234 882 268 et
921 230 1077 269 nomina
1107 242 1204 270 vana
1235 231 1404 283 timeffl,

100 300 163 331 155
185 292 386 331 Materiem
419 295 548 328 vatum
567 321 577 340 ‚
610 287 773 338 salsique
806 288 980 339 pericula
1012 287 1183 328 mundi?

186 350 385 401 Corpora,
418 349 497 387 sive
530 359 648 398 rogus
680 346 862 399 flamma,
895 358 965 386 seu
997 347 1085 387 tabe
1118 353 1292 388 vetustas

185 407 427 459 Abstulerit,
460 405 560 444 mala
590 417 705 457 posse
738 406 819 456 pati
850 417 929 444 non
961 405 1038 445 ulla
1068 408 1239 458 putetis,

185 467 307 505 Morte
341 470 476 504 carent
507 465 689 516 animae3
721 475 955 516 semperque
987 465 1119 516 priore
1151 464 1289 505 relicta

188 524 286 564 Sede
319 525 428 562 novis
460 522 640 562 domibus
671 523 807 562 vivunt
837 522 1091 574 habitantque
1123 530 1328 575 receptae.

100 592 165 623 160
187 584 271 635 [pse
292 595 363 634 ego
379 604 433 610 —-
448 594 537 621 nam
557 581 718 620 memini
732 602 786 609 —
800 581 960 620 Troiani
982 587 1158 633 tempore
1178 581 1270 621 belli
1289 591 1400 617 §.ccvi

185 641 419 680 Panthoides
450 639 689 692 Euphorbus
723 651 829 679 eram
848 672 859 693 ,
891 641 955 679 cui
985 646 1148 692 pectore
1181 640 1376 692 quondam

184 700 318 739 Haesit
347 701 388 739 in
420 699 581 739 adverso
613 699 740 751 gravis
771 698 881 738 hasta
911 700 1075 738 minoris
1106 699 1289 739 Atridae.

187 757 356 810 Cognovi
389 757 590 811 clipeum,
619 757 748 796 laevae
782 758 998 809 gestamina
1029 762 1212 809 nostrae,

185 817 318 869 Nuper
349 817 534 856 Abanteis
565 816 710 868 templo
742 815 903 855 Iunonis
934 817 975 856 in
1006 816 1143 868 Argis.

105 885 170 916 165
193 875 331 916 Omnia
363 881 567 915 mutantur
585 906 596 928 ‚
627 874 725 914 nihil
755 876 919 914 interit.
957 881 1092 928 errat,
1125 880 1164 914 et
1193 874 1300 914 illinc

186 934 271 974 Huc
303 936 437 987 venit,
468 935 559 973 hinc
591 933 684 973 ifluc
702 965 713 986 ‚
746 939 785 973 et
817 932 1013 985 quoslihet
1044 939 1210 986 occupat
1241 939 1350 974 artus

187 993 386 1046 Spiritus3
418 1005 518 1044 eque
550 993 644 1031 feris
676 992 845 1031 humana
875 994 916 1032 in
948 1004 1113 1044 corpora
1143 993 1308 1045 transit,

185 1052 307 1103 Inque
341 1052 443 1091 feras
475 1056 610 1090 noster
629 1082 641 1104 ,
671 1063 744 1090 nec
776 1057 953 1103 tempore
986 1051 1140 1102 deperit
1170 1050 1271 1090 ullo.

187 1110 315 1161 thue
347 1112 457 1149 novis
489 1110 613 1149 facilis
645 1111 822 1161 signatur
854 1121 944 1149 cera
975 1109 1136 1162 figuris,

100 1178 166 1210 170
186 1169 266 1208 Nec
298 1175 429 1208 manet
459 1174 504 1208 ut
534 1169 692 1220 fuerat,
724 1180 797 1207 nec
829 1168 974 1207 formas
1009 1173 1139 1207 servat
1170 1167 1350 1220 easdem,

190 1227 267 1267 Sed
289 1234 418 1267 tamen
439 1229 521 1279 ipsa
542 1226 678 1266 eadem
697 1232 758 1266 est
776 1241 786 1279 3
806 1228 974 1266 animam
993 1227 1050 1266 sic
1071 1238 1227 1279 semper
1246 1226 1408 1265 eandem

186 1286 284 1326 Esse
303 1318 314 1340 ‚
347 1286 415 1326 sed
447 1288 487 1325 in
519 1287 642 1325 varias
675 1285 796 1325 doceo
829 1287 997 1337 migrare
1028 1285 1195 1337 figuras.

186 1345 290 1396 Ergo
323 1367 378 1373 —
411 1357 485 1385 nec
515 1346 639 1397 pietas
672 1346 723 1384 sit
753 1346 856 1384 victa
887 1343 1070 1396 cupidine
1102 1344 1251 1383 ventris
1283 1365 1338 1372 —

186 1403 340 1443 Parcite
359 1436 370 1456 ‚
402 1405 592 1443 vaticinor
610 1435 621 1456 ,
655 1408 837 1455 cognatas
870 1403 988 1442 caede
1019 1402 1187 1442 nefanda

103 1471 166 1502 175
188 1462 407 1501 Exturbare
440 1464 617 1514 animas3
649 1474 722 1501 nec
755 1463 944 1513 sanguine
977 1463 1136 1513 sanguis
1167 1461 1315 1501 alatur.

188 1520 237 1560 Et
269 1522 452 1572 quoniam
484 1533 623 1572 magno
650 1521 756 1559 feror
788 1532 957 1571 aequore
989 1520 1182 1572 plenaque
1213 1520 1340 1560 ventis

188 1579 280 1618 Vela
311 1579 429 1619 dedi:
461 1579 557 1618 nihil
589 1584 649 1618 est
680 1584 762 1618 toto
781 1610 792 1631 ,
825 1578 928 1630 quod
959 1584 1140 1631 perstet,
1170 1579 1212 1617 in
1244 1578 1362 1618 orbe.

190 1638 338 1677 Cuncta
369 1638 526 1690 fluunt,
558 1638 764 1688 omnisque
795 1649 936 1689 vagans
968 1637 1160 1676 formatur
1191 1638 1343 1689 imago.

189 1697 275 1748 Ipsa
307 1709 463 1748 quoque
497 1696 653 1735 assiduo
685 1695 871 1735 labuntur
903 1701 1082 1747 tempora
1112 1700 1246 1748 motu,

102 1764 168 1796 180
188 1755 273 1794 Non
306 1767 421 1795 secus
453 1767 497 1794 ac
528 1755 675 1794 flumen
694 1786 703 1794 .
741 1766 870 1806 neque
897 1756 1002 1793 enim
1027 1755 1244 1794 consistere
1265 1753 1410 1794 flumen

188 1814 268 1853 Nec
299 1814 395 1853 levis
426 1813 522 1853 hora
553 1818 713 1865 potest:
746 1813 815 1852 sed
846 1818 891 1852 ut
915 1812 1260 1865 undsimpellitur
1286 1812 1412 1865 unda,

188 1872 466 1924 Urgueturque
499 1872 634 1912 eadem
665 1873 827 1911 veniens
858 1877 1079 1923 urguetque
1109 1873 1307 1924 priorem3

188 1931 381 1983 Tempora
412 1933 469 1971 sic
501 1932 657 1983 fugiunt
686 1932 835 1983 pariter
853 1961 865 1983 ,
903 1932 1130 1982 pariterque
1169 1934 1413 1982 sequuntur,

189 1988 239 2028 Et
269 2002 367 2028 nova
399 1995 492 2029 sunt
523 2001 679 2041 semper
699 2020 708 2029 .
746 2001 835 2029 nam
867 1988 972 2040 quod
1004 1988 1080 2027 fuit
1110 1993 1199 2027 ante
1218 2020 1230 2040 ‚

1117 2046 1299 2086 relictum
1330 2051 1413 2098 est,

106 2114 170 2145 185
191 2106 331 2157 Fitque
365 2107 468 2158 quod
499 2106 604 2146 haud
635 2107 764 2146 fuerat
780 2138 792 2159 ,
823 2110 1100 2157 momentaque
1132 2111 1274 2144 cuncta

1197 2169 1412 2203 novantur.

192 2224 329 2263 Cernis
363 2230 402 2263 et
433 2236 611 2263 emensas
642 2225 684 2263 in
714 2224 844 2263 lucem
875 2222 1037 2262 tendere
1069 2227 1226 2275 noctes,

191 2281 242 2320 Et
272 2281 385 2320 iubar
417 2281 491 2320 hoc
522 2282 691 2321 nitidum
723 2284 858 2333 nigrae
892 2281 1105 2321 succedere
1137 2282 1295 2328 nocti„

192 2339 271 2379 Nec
304 2340 410 2380 color
443 2346 503 2379 est
535 2341 638 2379 idem
670 2341 777 2380 caelo
795 2372 808 2394 ‚
840 2352 932 2380 cum
962 2340 1063 2379 lassa
1095 2341 1226 2391 quiete

1527 1080 1538 1182 ...Ans-n·-

1530 1301 1538 1415 .-.-..,..,2

1526 2122 1538 2496 —u--fin—-A—n——n
1531 2036 1538 2110 anni-.
1528 2004 1538 2021 1.-
