1527 2580
608 121 675 156 XV
693 149 701 166 ,
727 124 911 157 226—298
926 147 934 155 .
1031 133 1257 157 rvi-maome!
1353 122 1438 164 313

222 230 309 270 Vidi
341 243 412 282 ego
445 229 548 282 quod
582 231 709 270 suerat
740 230 934 282 quondam
967 229 1198 269 solidissima
1230 230 1368 284 tellus,

221 289 317 328 Esse
351 290 524 328 fretum:
556 288 632 327 vidi
666 290 784 327 saetas
817 301 862 327 ex
896 301 1064 340 aequore
1097 294 1245 341 terras;

221 347 270 386 Et
301 347 439 399 procul
471 359 491 385 a
523 347 658 399 pelago
691 347 860 386 conchae
893 349 1048 386 iacuere
1080 349 1274 400 marinae,

108 413 201 444 -265
221 405 271 444 Et
301 412 412 445 vetus
443 407 599 444 inventa
631 411 691 445 est
720 407 759 445 in
792 405 990 444 montibus
1022 417 1163 444 ancora
1195 408 1380 446 summis:

222 463 412 515 Quodque
446 465 519 503 suit
551 476 739 517 campus,
771 464 907 502 vallem
939 464 1130 503 decursus
1163 476 1351 515 aquarum

221 521 361 575 Fecit,
394 528 433 561 et
465 522 589 561 eluvie
622 534 734 561 mons
767 528 827 561 est
859 522 1049 561 deductus
1082 524 1121 561 in
1154 534 1322 576 aequor,

220 579 331 632 Eque
363 580 549 632 paludosa
581 582 695 619 siccis
727 581 870 619 humus
903 586 986 620 aret
1018 581 1198 633 harenis3

220 638 406 690 Quaeque
439 640 544 678 sitim
577 638 776 692 tulerant,
807 644 983 690 stagnata
1013 639 1221 691 paludibus
1254 647 1409 679 nment.

132 703 200 736 270
220 695 321 736 Hinc
353 697 482 736 fontes
514 703 653 736 natura
685 709 805 736 novos
838 699 967 736 emisit
984 729 995 750 ,
1027 703 1065 736 at
1095 697 1173 736 illic

219 754 395 807 Clausit3
426 761 466 794 et
496 761 563 794 aut
593 757 681 794 imis
713 762 905 794 commota
935 755 1174 795 tremoribus
1206 755 1312 795 orbis

219 812 398 853 Flumina
429 813 669 865 prosiliunt,
700 820 768 853 aut
798 819 1002 853 excaecata
1033 814 1234 853 residunt.

220 871 285 911 Sic
315 871 386 911 ubi
416 877 574 911 terreno
607 871 734 923 Lycus
766 878 826 911 est
857 878 996 924 epotus
1027 872 1159 924 hiatu,

220 929 364 970 Existit
397 930 536 982 procul
567 930 657 969 binc
675 963 686 983 ‚
719 930 870 982 alioque
903 932 1123 970 renascitur
1155 942 1246 969 ore.

133 995 200 1027 275
222 988 287 1027 Sic
319 988 435 1027 modo
468 988 693 1028 conbibitur
710 1020 721 1041 ‚
754 989 867 1027 modo
899 994 1003 1028 tecto
1035 990 1189 1040 gurgite
1221 988 1352 1040 lapsus

220 1046 414 1086 Redditur
446 1046 636 1098 Argolicis
667 1048 806 1099 ingens
836 1047 1024 1087 Erasinus
1055 1049 1095 1086 in
1129 1048 1252 1086 arvis.

219 1104 269 1144 Et
301 1105 455 1156 Mysum
487 1107 703 1157 capitisque
735 1107 796 1144 sui
828 1107 1013 1157 ripaeque
1045 1107 1188 1157 prioris

218 1162 462 1202 Paenituisse
495 1163 657 1216 ferunt,
690 1164 761 1202 alia
792 1176 897 1203 nunc
928 1165 985 1202 ire
1004 1195 1015 1216 ‚
1048 1163 1230 1202 Caicum.

219 1221 300 1260 Nec
332 1234 411 1260 non
444 1221 618 1261 Sicanias
650 1222 807 1261 volvens
839 1222 1060 1261 Amenanus
1092 1221 1257 1260 harenas

132 1285 200 1319 280
220 1279 333 1319 Nunc
365 1280 480 1333 fluit,
511 1280 711 1320 interdum
743 1282 965 1332 suppressis
998 1279 1174 1319 fontibus
1206 1285 1312 1319 aret.

219 1339 318 1377 Ante
350 1337 558 1378 bibebatur
575 1370 587 1391 ‚
619 1351 724 1378 nunc
755 1351 850 1390 quas
884 1340 1110 1390 contingere
1143 1338 1266 1390 110115,

220 1396 365 1436 Fundit
395 1397 564 1449 Anigrus
589 1409 708 1448 aquas
727 1429 738 1450 ‚
768 1402 976 1448 postquam
994 1428 1005 1449 ,
1038 1398 1113 1435 nisi
1137 1396 1290 1436 vatibus
1316 1399 1442 1436 omnis

219 1454 431 1506 Eripienda
462 1455 558 1494 fides
575 1487 587 1508 ,
618 1455 697 1495 illic
728 1455 854 1494 lavere
880 1454 1116 1494 bimembres
1302 1464 1329 1490 f.
1349 1464 1439 1490 ccvii.

221 1512 414 1566 Vulnera,
446 1513 628 1565 clavigeri
660 1525 758 1565 quae
791 1514 938 1553 fecerat
968 1513 1148 1552 Herculis
1181 1525 1318 1552 arcus.

132 1577 198 1609 285
221 1571 322 1617 Quid
341 1569 364 1611 ‘2
394 1583 473 1611 non
505 1577 545 1611 et
576 1571 768 1624 Scythicis
793 1571 964 1623 Hypanis
995 1572 1043 1611 de
1075 1571 1274 1611 montibus
1309 1577 1442 1625 ortus,

221 1629 297 1675 Qui
329 1630 458 1669 suerat
488 1629 613 1669 dulcis
637 1630 823 1682 ,.salibus
856 1632 1014 1669 vitiatur
1046 1627 1223 1669 amaris?

221 1687 424 1726 Fluctibus
455 1687 621 1726 ambitae
655 1688 810 1727 fuerant
840 1688 995 1727 Antissa
1026 1687 1254 1739 Pharosque

221 1745 272 1785 Et
301 1746 516 1785 Phoenissa
541 1746 696 1797 Tyros:
727 1758 895 1797 quarum
927 1758 1032 1785 nunc
1063 1746 1191 1786 insula
1223 1745 1328 1785 nulla
1359 1753 1441 1786 est.

220 1803 399 1843 Leucada
430 1806 656 1844 continuam
687 1810 840 1844 veteres
872 1804 1044 1843 habuere
1077 1804 1228 1844 coloni:

133 1868 202 1900 290
221 1862 334 1902 Nunc
366 1863 466 1902 freta
497 1864 772 1902 circumeunt.
810 1862 948 1902 Zancle
982 1874 1138 1913 quoque
1169 1864 1301 1902 iuncta
1320 1863 1441 1902 fuisse

221 1920 373 1960 Dicitur
403 1920 535 1960 Italiae
553 1952 565 1973 ,
597 1920 722 1960 donec
753 1922 919 1960 confinia
950 1927 1094 1972 pontus

221 1978 420 2031 Abstulit,
451 1985 491 2019 et
521 1979 646 2018 media
678 1979 860 2018 tellurem
891 1979 1063 2030 reppulit
1088 1978 1213 2018 unda.

223 2036 264 2075 Si
297 2048 461 2088 quaeras
491 2037 653 2077 Helicen
684 2043 724 2077 et
753 2037 875 2076 Burin
894 2069 906 2090 ‚
936 2036 1125 2076 Achaidas
1155 2037 1298 2090 urbes,

221 2093 400 2134 invenies
431 2095 505 2135 sub
536 2097 676 2148 aquis;
709 2101 747 2134 et
778 2095 904 2134 adhuc
935 2095 1142 2134 ostendere
1174 2101 1314 2135 nautae

135 2152 411 2192 2951nclinata
443 2153 570 2192 solent
601 2165 690 2204 cum
722 2154 928 2193 moe-nibus
959 2153 1100 2207 oppida
1131 2156 1294 2193 mersis.

221 2210 291 2250 Est
321 2223 444 2264 prope
475 2211 668 2251 Pittheam
701 2212 874 2252 tumulus
907 2211 1134 2265 Troezena,
1167 2214 1250 2251 sine
1283 2212 1371 2252 ullis

222 2269 377 2309 Arduus
408 2269 645 2322 arboribus,
676 2270 875 2322 quondam
906 2270 1130 2322 planissima
1162 2273 1289 2322 campi

222 2327 322 2366 Area
339 2359 351 2380 ‚
382 2339 487 2368 nunc
512 2328 686 2368 tumulus
706 2342 715 2368 :
746 2340 835 2367 nam
855 2350 909 2356 —
930 2341 995 2368 res
1019 2329 1214 2368 horrenda
1240 2329 1361 2368 relatu
1387 2351 1439 2356 —-
