1527 2580
581 97 668 133 XIV
684 125 694 142 ,
719 100 904 134 717-789
920 123 928 132 .
1043 108 1223 132 murone
1338 95 1422 137 303

200 209 413 262 Deriguere
446 208 579 260 oculi,
612 207 840 258 calidusque
873 219 894 245 e
927 218 1092 258 corpore
1126 208 1282 256 sanguis

114 278 179 310 755
201 269 364 308 inducto
397 267 543 319 pallore
577 267 704 319 sugit3
739 271 954 316 conataque
986 270 1094 304 retro
1312 272 1340 299 ι.
1360 273 1421 298 eei.

201 327 321 367 Ferre
353 326 503 378 pedes,
535 325 689 377 haesit;
722 330 859 364 conata
891 329 1069 362 avertere
1101 323 1254 376 vultus,

200 385 284 425 Iloc
316 396 473 437 quoque
506 396 585 423 non
617 385 772 435 potuit.
812 383 1075 434 paulatimque
1114 388 1279 434 occupat
1316 387 1424 421 artus

203 443 315 490 Quod
348 444 422 483 i'uit
452 444 493 482 in
525 442 624 482 duro
656 443 731 481 iam
762 441 915 493 pridem
945 446 1105 492 pectore
1139 453 1297 480 saxum.

201 502 306 542 Neve
339 514 383 541 ea
415 502 504 541 ficta
536 507 650 553 pultes
670 532 680 552 ‚
713 500 891 539 dominae
924 499 996 539 sub
1028 501 1195 551 imagine
1228 501 1384 549 signum

116 570 182 602 760
205 561 343 601 Servat
374 560 500 600 adhuc
534 559 726 611 Salamis3
759 558 921 598 Veneris
955 570 1110 609 quoque
1142 559 1298 597 nomine

1238 616 1426 668 templum

202 679 484 730 Prospicientis
510 676 655 717 habet.
696 688 863 728 quorum
889 688 1039 715 memor
1057 708 1068 728 ‚
1100 688 1122 714 ο
1156 688 1268 728 mea,
1301 676 1426 714 lentos

202 737 308 776 Pone
328 768 339 788 ‚
370 748 542 788 precor,
575 736 726 788 fastus,
760 741 799 774 et
831 737 972 774 amanti
1010 737 1173 786 iungere
1192 767 1203 786 ‚
1235 733 1426 786 nymphe.

206 795 269 835 Sic
303 794 374 834 tibi
407 807 478 834 nec
511 805 674 833 vernum
709 796 908 833 nascentia
941 794 1064 844 frigus
1097 793 1234 832 adurat

206 854 325 893 Poma
344 885 354 906 ,
387 865 459 892 uec
493 855 691 892 excutiant
724 852 847 904 rapidi
880 852 1058 891 ssorentIa
1089 854 1194 890 venti
1209 848 1233 890 .'

118 921 184 953 765
205 912 309 952 Haec
341 912 409 951 uhi
441 914 679 962 nequiquam
711 912 833 949 forma
866 911 962 950 deus
995 917 1078 950 acta
1110 910 1223 949 senili

206 971 366 1023 Edidit,
398 972 438 1009 in
470 972 651 1009 iuvenem
685 969 829 1021 rediit,
861 976 900 1008 et
931 969 1044 1007 anilia
1072 969 1193 1007 demit

206 1030 470 1068 Instrumenta
504 1028 577 1067 sibi
596 1061 607 1080 ,
639 1028 805 1078 talisque
839 1029 1019 1078 apparuit
1050 1027 1128 1079 illi,

205 1088 338 1134 Qualis
371 1087 438 1125 ubi
470 1089 668 1138 oppositas
700 1086 933 1125 nitidissima
966 1085 1058 1124 solis
1090 1087 1216 1136 imago

205 1145 331 1185 Evicit
362 1145 487 1184 nubes
507 1177 517 1197 ,
550 1145 734 1196 nullaque
768 1144 947 1183 obstante
980 1144 1146 1183 reluxit.

118 1213 185 1244 770
206 1204 369 1255 Vimque
401 1210 540 1255 parat:
573 1203 640 1242 sed
673 1204 709 1242 vi
741 1215 818 1241 non
851 1209 911 1242 est
942 1214 1041 1254 opus
1060 1234 1071 1254 ,
1102 1204 1222 1254 inque
1253 1203 1377 1253 figura

206 1262 325 1314 Capta
357 1262 419 1301 dei
450 1261 618 1314 nymphe
652 1267 740 1314 est,
773 1267 812 1300 et
844 1267 978 1300 mutua
1010 1261 1170 1300 vulnera
1202 1263 1345 1300 sensit.
1404 1254 1408 1259 ’

265 1321 474 1360 Proximus
505 1321 697 1359 Ausonias
729 1321 865 1359 iniusti
895 1319 1006 1358 miles
1038 1319 1166 1358 Amuli

206 1380 322 1419 Rexit
354 1391 477 1432 opes:
508 1378 768 1429 Numitorque
801 1374 920 1417 s'enex
953 1379 1093 1417 amissa
1124 1383 1311 1429 nepotum

207 1438 370 1477 Munere
403 1449 525 1489 regna
557 1439 683 1489 capit:
715 1438 904 1488 festisque
936 1436 1123 1475 Palilibus
1155 1436 1265 1475 urbis

121 1505 187 1537 775
207 1497 359 1536 Moenia
391 1496 644 1535 conduntur.
682 1495 896 1546 Tatiusque
927 1500 1137 1547 patresque
1172 1494 1304 1534 Sabini

206 1554 312 1594 Bella
343 1560 517 1608 gerunt,
548 1555 729 1606 arcisque
760 1556 820 1593 via
851 1554 1016 1605 Tarpeia
1047 1553 1202 1593 reclusa

208 1613 371 1665 Dignam
403 1615 570 1652 animam
600 1624 727 1664 poena
759 1614 954 1663 congestis
987 1614 1094 1651 exuit
1125 1614 1265 1651 armis.

208 1671 302 1711 Inde
335 1673 409 1711 sati
440 1671 610 1711 Curibus
642 1672 852 1710 tacitorum
883 1682 992 1709 more
1023 1671 1207 1722 luporum

207 1729 285 1770 Ore
316 1735 503 1782 premunt
532 1741 648 1769 voces
681 1735 720 1768 et
751 1741 916 1780 corpora
947 1730 1047 1768 victa
1079 1741 1220 1780 sopore

123 1789 430 1842 7801nvadunt‚
461 1794 673 1840 portasque
707 1793 875 1839 petunt,
908 1799 1004 1838 quas
1035 1786 1146 1826 obice
1172 1788 1284 1826 firmo

210 1847 412 1887 Clauserat
443 1846 610 1886 Iliades.
650 1858 766 1886 unam
799 1851 928 1885 tamen
960 1847 1043 1897 ipsa
1075 1845 1238 1885 reclusit

208 1906 290 1945 Nec
321 1907 532 1958 strepitum
563 1917 677 1945 verso
712 1905 894 1943 Saturnia
927 1904 1084 1943 cardine
1116 1904 1231 1944 fecit.

209 1964 298 2004 Sola
329 1964 461 2004 Venus
491 1969 627 2016 portae
661 1963 848 2003 cecidisse
881 1962 1066 2014 repagula
1098 1964 1243 2015 sensit,

207 2022 258 2062 Et
289 2023 470 2062 clausura
501 2023 576 2063 suit
593 2055 604 2076 ,
637 2024 711 2061 nisi
745 2021 848 2073 quod
882 2021 1108 2060 rescindere
1141 2033 1354 2072 numquam

122 2089 188 2121 785
210 2081 276 2120 Dis
308 2081 400 2121 licet
431 2087 515 2120 acta
547 2081 693 2121 deum.
732 2081 823 2119 lano
855 2080 940 2119 loca
971 2081 1103 2119 iuncta
1134 2079 1321 2119 tenebant

208 2139 350 2179 Naides
381 2140 574 2179 Ausoniae
606 2139 733 2191 gelido
765 2140 937 2178 rorantia
969 2138 1096 2178 fonte.

207 2198 286 2238 Has
318 2204 430 2250 rogat
460 2198 674 2238 auxilium.
713 2209 786 2237 nec
817 2196 1007 2249 nymphae
1033 2199 1134 2236 iusta
1164 2202 1364 2248 petentem

210 2256 444 2296 Sustinuere
476 2256 588 2296 deam
606 2288 618 2309 ‚
649 2268 844 2307 venasque
877 2261 916 2296 et
946 2255 1106 2295 ssumina
1137 2255 1255 2295 sontis

208 2314 391 2356 Elicuere
423 2316 513 2355 sui.
551 2314 726 2355 nondum
758 2320 885 2354 tamen
917 2315 1021 2354 invia
1052 2314 1134 2353 Iani
