1527 2580
574 141 624 177 VI
639 169 647 186 ,
676 145 859 178 187—260
873 171 881 178 .
1013 155 1179 178 nonunt
1309 144 1390 184 113

169 251 200 291 E
233 252 375 304 quibus
407 251 581 291 Ismenos
600 284 610 304 ,
643 254 709 303 qui
742 253 856 292 matri
888 253 1039 292 sarcina
1073 253 1266 303 quondam

82 318 150 350 225
170 309 298 350 Prima
331 322 423 350 suae
456 311 612 362 suerat,
645 310 735 349 dum
770 318 922 350 certum
954 311 1075 350 ssectit
1107 313 1145 349 in
1179 310 1313 349 orbem

172 368 442 420 Quadrupedis
475 381 616 408 cursus
634 400 645 421 ‚
678 371 974 420 spumantiaque
1007 381 1074 408 ora
1107 373 1285 420 coercet,

170 425 232 466 ‘Ei
263 427 359 466 mibi
380 424 406 466 !’
439 427 682 479 conclamat,
716 428 921 479 medioque
954 430 993 466 in
1025 434 1185 479 pectore
1218 429 1289 466 fixa

169 485 262 525 Tela
293 487 423 538 gerit,
455 486 654 537 frenisque
687 497 802 525 manu
836 488 1025 525 moriente
1059 487 1233 525 remissis

170 544 212 583 ln
245 544 345 584 latus
377 556 396 582 a
430 544 566 583 dextro
599 544 782 596 paulatim
816 545 951 583 defluit
982 557 1112 583 armo.

82 611 150 642 230
169 602 376 642 Proximus
395 635 406 654 ,
438 603 569 642 audito
602 604 732 642 sonitu
765 615 835 654 per
868 605 979 642 inane
1012 603 1237 655 pharetrae,

170 661 296 700 Frena
327 660 442 700 dabat
474 661 658 713 Sipylus:
690 661 807 700 veluti
842 673 930 701 cum
962 664 1163 712 praescius
1196 660 1331 701 imbris

170 719 281 758 Nube
314 720 413 771 sugit
444 721 523 758 visa
543 752 554 771 ‚
585 720 874 771 pendentiaque
908 721 1080 771 undique
1113 726 1244 759 rector

169 777 336 817 Carbasa
368 778 556 830 deducit,
588 791 636 817 ne
670 791 744 830 qua
777 778 871 817 levis
904 780 1036 817 effluat
1068 790 1183 817 aura.

169 836 295 876 Frena
327 836 469 876 dabat:
503 837 657 876 dantem
691 849 767 875 non
800 837 977 876 evitabile
1011 837 1130 876 telum

81 903 148 935 235
170 895 463 947 Consequitur,
501 907 731 946 summaque
764 902 936 934 tremens
969 897 1119 934 cervice
1152 897 1289 946 sagitta

169 953 331 1004 Haesit,
363 960 403 992 et
433 953 588 992 extabat
619 954 767 992 nudum
800 954 846 992 de
879 959 1037 1004 gutture
1072 954 1242 992 ferrum.

170 1011 236 1051 Ille
255 1043 268 1065 ‚
299 1018 343 1051 ut
375 1018 486 1064 erat,
518 1024 666 1064 pronus
699 1024 769 1063 per
802 1024 915 1050 crura
949 1012 1080 1050 adnisa
1113 1011 1302 1062 iubasque

170 1069 372 1123 Volvitur,
404 1077 443 1110 et
474 1070 597 1109 calido
630 1070 809 1109 tellurem
843 1072 1030 1121 sanguine
1064 1070 1214 1109 foedat.

169 1129 403 1168 Phaedimus
434 1129 567 1168 infelix
601 1135 640 1168 et
671 1130 760 1167 aviti
793 1131 961 1168 nominis
993 1128 1108 1167 heres

83 1196 151 1228 240
171 1187 385 1240 Tantalus,
418 1193 462 1226 ut
494 1187 607 1226 solito
639 1187 756 1226 finem
789 1189 998 1238 inposuere
1032 1186 1178 1239 labori,

168 1247 423 1285 Transierant
454 1246 499 1284 ad
533 1258 631 1297 opus
663 1245 806 1284 nitidae
839 1245 1013 1284 iuvenale
1045 1245 1284 1297 palaestrae:

170 1305 219 1344 Et
249 1307 324 1344 iam
357 1304 605 1344 contulerant
637 1310 720 1343 arto
753 1304 938 1343 luctantia
971 1316 1072 1342 nexu

134 1364 139 1369 “
170 1364 334 1403 Pectora
366 1362 593 1415 pectoribus
612 1395 623 1415 ,
655 1375 744 1402 cum
777 1368 884 1401 tento
917 1364 1068 1401 concita
1100 1374 1244 1414 nervo,

170 1422 424 1461 Sicut.erant
454 1423 607 1473 iuncti,
639 1415 792 1460 fraiecit
822 1428 1034 1472 utrumque
1068 1422 1228 1471 sagitta.

81 1489 149 1520 245
168 1481 400 1532 Ingemuere
433 1480 577 1530 simul,
609 1479 725 1519 simul
755 1481 955 1518 incurvata
987 1479 1120 1518 dolore

168 1538 341 1579 Membra
373 1538 455 1578 solo
487 1550 686 1590 posuere3
718 1538 834 1577 simul
865 1549 1047 1589 suprema
1078 1539 1251 1576 iacentes

169 1598 334 1638 Lumina
365 1603 574 1636 versarunt
591 1629 603 1650 ‚
634 1598 800 1636 animam
833 1596 948 1636 simul
980 1595 1230 1635 exhalarunt.

169 1657 318 1709 Aspicit
347 1656 545 1708 Alphenor
563 1687 574 1708 ,
605 1655 824 1707 laniataque
855 1661 1015 1707 pectora
1045 1654 1233 1706 plangens

169 1714 358 1767 Advolat,
390 1721 434 1754 ut
465 1714 612 1766 gelidos
645 1713 899 1766 conplexibus
932 1713 1070 1752 allevet
1100 1719 1231 1764 artuS,

83 1782 150 1815 250
170 1774 293 1826 Inque
324 1775 389 1825 pio
422 1773 524 1812 cadit
556 1773 714 1823 offici03
746 1784 834 1811 nam
861 1771 993 1811 Delius
1026 1771 1079 1810 illi

171 1833 310 1872 lntima
343 1832 497 1871 fatifero
530 1833 637 1883 rupit
667 1831 894 1883 praecordia
927 1831 1055 1869 ferro.

171 1891 282 1938 Quod
315 1890 431 1930 simul
463 1890 648 1930 eductum
667 1921 678 1942 ‚
709 1902 799 1942 pars
832 1896 892 1928 est
922 1888 1118 1940 pulmonis
1151 1889 1188 1927 in
1222 1888 1345 1928 hamis

170 1949 292 1990 Eruta
310 1982 322 2002 ‚
354 1961 522 2000 cumque
555 1950 681 1988 anima
714 1960 832 1987 cruor
865 1954 925 1986 est
956 1948 1104 1986 effusus
1135 1949 1174 1985 in
1208 1959 1345 1987 auras.

169 2010 218 2048 At
249 2021 326 2048 non
358 2009 559 2047 intonsum
590 2007 753 2059 simplex
786 2005 1107 2045 Damasichthona
1141 2005 1281 2045 vulnus

82 2075 148 2108 255
170 2067 327 2107 Afficit.
366 2068 467 2106 ictus
499 2073 612 2118 erat,
644 2078 720 2117 qua
751 2077 843 2104 crus
876 2077 961 2104 esse
993 2065 1159 2116 incipit,
1193 2070 1231 2103 et
1263 2076 1338 2116 qua

169 2126 296 2166 Mollia
328 2137 517 2164 nervosus
550 2126 642 2164 facit
672 2123 892 2163 internodia
922 2122 1080 2175 poples,

171 2184 349 2237 Dumque
382 2195 498 2223 manu
531 2188 695 2235 temptat
725 2182 881 2222 trahere
914 2180 1108 2221 exitiabile
1142 2181 1287 2234 telum,

168 2243 300 2283 Altera
331 2255 402 2295 per
433 2241 610 2294 iugulum
642 2242 782 2293 pennis
815 2247 930 2281 tenus
963 2247 1047 2280 acta
1079 2242 1216 2292 sagitta
1250 2247 1332 2280 est.

168 2302 326 2354 Expulit
358 2301 457 2341 hanc
489 2301 648 2352 sanguis
666 2332 677 2352 ,
709 2311 830 2351 seque
862 2300 1075 2340 eiaculatus
1106 2300 1146 2338 in
1178 2299 1298 2338 altum

58 2368 148 2407 ,260
167 2360 347 2413 Emicat,
379 2366 418 2400 et
449 2360 562 2412 longe
592 2358 790 2399 terebrata
821 2359 974 2411 prosilit
1005 2371 1121 2399 aura.

121 2433 236 2462 ovm.
255 2435 306 2461 11.
1088 2429 1108 2459 8
