1507 2580
589 87 631 131 1,
657 90 842 122 623—696
859 114 866 122 .
1053 100 1163 122 Aucus
1346 87 1396 128 19

89 207 156 238 660
177 197 230 237 De
251 210 368 249 grege
390 210 494 237 nunc
515 198 585 236 tibi
606 200 686 250 vir,
707 211 811 237 nunc
833 198 880 237 de
901 210 1018 250 grege
1039 204 1153 236 natus
1173 197 1394 236 habendus.

174 256 255 296 Nec
288 258 400 295 finire
432 256 524 295 licet
557 263 685 295 tantos
718 257 811 295 mihi
843 263 968 296 morte
1002 257 1181 296 dolores:

177 315 254 354 Sed
287 322 401 354 nocet
432 326 519 354 esse
551 315 668 353 deum
693 347 703 367 ‚
736 316 1017 367 praeclusaque
1050 317 1163 354 ianua
1196 315 1262 353 leti

175 375 391 413 Aeternum
423 379 578 413 nostros
611 374 739 412 luctus
771 374 947 413 extendit
977 377 1017 413 in
1049 386 1186 413 aevum
1202 372 1224 411 .’

175 431 283 471 Talia
314 439 536 471 maerentes
568 432 744 470 stellatus
777 432 983 472 submovet
1013 433 1164 484 Argus,

89 498 155 529 665
177 490 441 542 Ereptamque
473 492 574 542 patri
606 491 758 530 diversa
790 493 828 529 in
862 504 1005 543 pascua
1037 499 1165 530 natam

176 549 403 589 Abstrahit.
443 549 533 588 inde
567 549 704 601 procul
736 551 881 588 montis
913 550 1080 589 sublime
1112 561 1298 588 cacumen

177 607 382 660 Occupat,
414 607 518 646 unde
551 608 692 647 sedens
724 615 855 659 partes
888 609 1113 660 speculatur
1145 610 1182 647 in
1216 619 1374 646 omneS.

235 666 315 706 Nec
347 679 536 718 superum
575 673 707 705 rector
746 668 844 705 mala
883 674 987 707 tanta
1019 667 1264 706 Phoronidos
1298 666 1398 705 ultra

176 725 295 764 Ferre
328 732 488 777 potest,
514 732 726 776 natumque
760 732 899 779 vocat,
932 738 1048 777 quem
1080 726 1207 764 lucida
1239 733 1353 776 partu

89 793 156 824 oio
177 784 303 823 Pleias
336 786 448 823 enixa
480 791 569 836 est,
601 785 757 835 letoque
791 785 885 836 det,
916 787 1111 836 imperat,
1143 785 1310 835 Argum.

175 842 296 881 Parva
330 855 436 882 mora
469 849 529 882 est
560 843 638 881 alas
669 843 835 894 pedibus
868 845 1093 894 virgamque
1126 845 1277 894 potenti

178 901 438 940 Somniseram
471 904 685 952 sumpsisse
719 914 834 940 manu
868 909 1130 953 tegumenque
1164 900 1335 952 capillis:

177 959 300 1010 [Haec
333 960 400 999 ubi
432 960 655 1012 disposuit,
686 962 811 1011 patria
843 960 932 999 love
965 967 1080 999 natus
1112 959 1158 997 ab
1191 958 1298 1008 arce]

176 1018 313 1058 Desilit
345 1021 385 1057 in
418 1025 544 1058 terras
563 1050 575 1071 ‚
606 1019 684 1057 illic
718 1025 981 1070 tegumenque
1008 1019 1174 1057 removit

91 1085 157 1116 0375
178 1077 227 1116 Et
259 1079 391 1129 posuit
423 1089 601 1129 pennas:
634 1079 904 1117 tantummodo
938 1080 1044 1129 virga
1077 1082 1228 1115 retenta
1260 1082 1341 1115 est.

177 1135 257 1174 Hac
289 1138 367 1187 agit
399 1143 442 1175 ut
473 1142 607 1187 pastor
637 1148 708 1187 per
741 1136 850 1175 devia
882 1149 974 1175 rura
1001 1135 1190 1187 capellas,

176 1194 277 1234 Dum
309 1196 442 1248 venit,
474 1194 689 1247 abductas,
721 1202 761 1233 et
791 1196 954 1234 structis
985 1201 1115 1234 cantat
1146 1194 1299 1232 avenis.

177 1252 278 1292 Voce
311 1265 408 1292 nova
441 1260 578 1307 captus
610 1259 743 1292 custos
776 1253 993 1292 Iunonius.
1032 1251 1086 1292 ‘at
1117 1259 1184 1304 tu,

177 1311 366 1363 Quisquis
398 1324 440 1351 es
460 1344 471 1364 ,
503 1312 577 1350 hoc
609 1319 766 1363 poteras
792 1324 947 1351 mecum
974 1311 1180 1350 considere
1212 1323 1302 1350 saxo
1318 1307 1342 1361 ,'

88 1378 157 1410 680
177 1373 304 1422 Argus
335 1372 389 1409 ait
420 1367 564 1422 eneque
596 1373 700 1409 enim
733 1373 866 1422 pecori
898 1370 1103 1410 fecundior
1135 1370 1214 1409 ullo

177 1428 307 1468 Herba
339 1429 425 1468 loco
458 1436 547 1481 est,
581 1436 789 1480 aptamque
810 1429 918 1468 vides
937 1429 1162 1481 pastoribus
1184 1431 1361 1467 umbram
1377 1424 1401 1466 .’

178 1487 288 1527 Sedit
319 1487 582 1540 Atlantiades,
616 1495 655 1527 et
686 1494 845 1527 euntem
878 1488 999 1527 multa
1030 1488 1225 1539 loquendo

178 1546 352 1586 Detinuit
383 1559 565 1586 sermone
597 1547 700 1585 diem
719 1579 730 1599 ‚
761 1549 983 1598 iunctisque
1016 1547 1191 1585 canendo

178 1604 342 1645 Vincere
374 1605 660 1645 harundinibus
693 1608 886 1644 servantia
919 1605 1065 1644 lumina
1099 1611 1283 1656 temptat.

91 1672 158 1703 685
180 1663 246 1703 Ille
280 1670 410 1703 tamen
442 1671 590 1716 pugnat
621 1665 757 1704 molles
790 1666 970 1703 evincere
1003 1676 1161 1703 somnos

177 1722 256 1775 Et,
288 1726 464 1774 quamvis
496 1735 614 1774 sopor
646 1729 708 1762 est
733 1723 938 1762 oculorum
969 1730 1080 1775 parte
1112 1728 1320 1773 receptus,

180 1782 293 1820 Parte
315 1789 444 1820 tamen
464 1782 613 1833 vigilat.
642 1784 796 1833 quaerit
815 1794 972 1833 quoque
991 1802 1040 1809 ——
1059 1793 1225 1832 namque
1247 1787 1402 1833 reperta

180 1840 327 1880 Fistula
359 1853 487 1892 nuper
520 1847 604 1879 erat
638 1862 688 1868 —-
725 1853 801 1892 qua
833 1842 884 1880 sit
915 1842 1065 1879 ratione
1098 1847 1278 1892 reperta.

177 1899 278 1938 Tum
310 1899 408 1938 deus
441 1896 642 1938 ‘Arcadiae
674 1900 812 1951 gelidis
845 1901 883 1938 in
917 1896 1131 1938 montibus'
1164 1900 1291 1950 inquit

91 1966 158 1997 690
180 1956 302 1998 ‘Inter
334 1958 611 2010 hamadryadas
644 1958 900 1997 celeberrima
932 1957 1173 1997 Nonacrinas

178 2017 293 2056 Naias
324 2029 401 2056 una
433 2018 536 2070 suit,
568 2018 758 2068 nymphae
791 2016 954 2069 Syringa
986 2016 1196 2056 vocabant.

179 2075 264 2114 Non
297 2075 415 2114 semel
449 2082 488 2115 et
519 2082 669 2127 satyros
702 2076 872 2114 eluserat
904 2076 966 2114 illa
999 2082 1210 2127 sequentes

178 2134 228 2173 Et
259 2146 530 2186 quoscumque
563 2135 657 2173 deos
691 2134 920 2173 umbrosave
953 2134 1047 2174 silva
1073 2130 1228 2173 feraxve

179 2193 261 2233 Rus
293 2192 437 2233 habet.
476 2192 676 2245 Ortygiam
708 2193 848 2233 studiis
879 2195 1042 2245 ipsaque
1074 2192 1226 2232 colebat

92 2260 159 2292 695
181 2252 408 2304 virginitate
440 2252 552 2291 deam
579 2284 586 2292 .
625 2254 703 2292 ritu
735 2264 892 2304 quoque
924 2254 1051 2292 cincta
1082 2252 1225 2291 Dianae

180 2311 377 2364 Falleret,
408 2317 448 2351 et
480 2312 587 2351 credi
617 2319 752 2363 posset
783 2311 974 2365 Latonia,
1005 2313 1038 2350 si
1070 2323 1148 2350 non

1074 2377 1120 2399 o*
