1527 2580
556 120 623 155 VII
643 148 651 165 ,
678 124 862 156 634—705
877 149 884 156 .
1011 135 1184 158 cnrmnua
1312 125 1393 166 145

84 237 151 269 670
171 229 326 269 Phocus
359 231 398 269 in
429 230 597 269 interius
629 232 798 282 spatium
829 231 1092 284 pulchrosque
1126 245 1306 274 recessus

173 287 409 340 Cecropidas
441 288 577 341 ducit,
610 301 699 328 cum
732 291 819 341 quis
851 291 966 330 simul
998 293 1081 343 ipse
1113 292 1281 332 resedit.

171 348 322 399 Aspicit
351 346 538 386 Aeoliden
571 348 702 399 ignota
734 360 780 387 ex
813 348 952 389 arbore
986 351 1130 390 factum

172 405 294 445 Ferre
327 417 445 446 manu
477 405 647 445 iaculum
667 438 678 458 ‚
711 409 822 446 cuius
856 408 929 447 fuit
960 421 1076 448 aurea
1109 410 1264 461 cuspis.

173 463 300 504 Pauca
332 466 442 517 prius
474 463 615 504 mediis
647 465 895 505 sermonibus
928 467 990 506 ille
1023 467 1177 507 locutus

85 530 152 562 675
174 520 287 563 ‘Sum
318 535 524 563 nemorum
557 521 773 563 studiosus'
807 527 859 563 ait
891 522 1113 577 ‘caedisque
1147 527 1318 579 ferinae3

174 581 257 628 Qua
290 588 418 622 tamen
452 595 472 620 e
504 581 598 621 silva
630 587 764 622 teneas
796 583 933 622 hastile
966 586 1160 637 recisum,

171 640 390 680 Iandudum
422 640 587 680 dubito:
619 647 726 680 certe
757 642 791 680 si
822 642 996 682 fraxinus
1028 649 1155 695 esset,

175 698 294 739 Fulva
326 699 457 739 colore
491 700 620 752 foret3
652 701 686 739 si
718 712 862 740 cornus
881 732 892 752 ‚
924 701 1048 741 nodus
1080 704 1248 742 inesset.

177 757 288 798 Unde
320 760 400 811 sit,
431 760 597 809 ignoro.
636 758 704 797 sed
738 771 815 798 non
848 760 1057 799 formosius
1089 762 1163 799 isto

85 823 153 856 680
174 816 365 857 Viderunt
396 816 500 856 oculi
532 816 652 856 telum
683 817 887 857 iaculabile
920 820 1046 858 nostri
1060 815 1084 857 .’

172 875 328 928 Excipit
358 876 511 915 Actaeis
545 888 566 915 e
597 875 784 916 fratribus
816 876 943 929 alter,
975 883 1015 917 et
1046 874 1176 917 ‘usum

173 934 359 974 Maiorem
390 936 520 986 specie
552 932 762 974 mirabere'
795 934 892 974 dixit
923 932 979 974 ‘in
1010 937 1108 975 isto.

174 992 439 1045 Consequitur
471 993 747 1045 quodcumque
779 995 906 1045 petit,
938 994 1174 1045 fortunaque
1206 994 1367 1032 missum

173 1051 260 1091 Non
291 1053 423 1105 regit,
454 1058 494 1091 et
525 1051 673 1091 revolat
704 1051 812 1091 nullo
844 1052 1041 1092 referente
1074 1058 1281 1092 cruentum
1296 1049 1320 1090 .’

87 1117 154 1150 685
175 1110 276 1150 Tum
307 1122 400 1150 vero
431 1112 583 1150 iuvenis
615 1110 781 1150 Nereius
814 1112 942 1150 omnia
975 1112 1151 1164 quaerit,

175 1168 254 1209 Cur
285 1171 364 1222 sit,
397 1175 436 1208 et
466 1168 570 1208 unde
603 1169 765 1222 datum,
798 1171 886 1220 quis
918 1171 1015 1208 tanti
1041 1170 1217 1209 muneris
1237 1174 1395 1208 auctor.

175 1228 282 1274 Quae
313 1229 441 1280 petit,
472 1228 535 1267 ille
568 1228 720 1267 refert.
758 1227 826 1267 sed
848 1229 953 1267 enim
973 1239 1132 1267 narrare
1153 1227 1296 1279 pudori
1314 1233 1396 1278 est,

176 1286 260 1333 Qua
291 1286 427 1326 tulerit
457 1286 668 1326 mercede.
707 1285 824 1339 silet,
856 1291 1061 1337 tactusque
1093 1286 1227 1325 dolore

174 1344 360 1397 Coniugis
392 1347 555 1385 amissae
587 1345 757 1385 lacrimis
788 1346 841 1384 ita
873 1345 976 1384 fatur
1008 1343 1181 1384 obortis:

87 1412 155 1444 690
175 1401 273 1444 ‘Hoc
293 1416 355 1443 me
373 1435 386 1456 ,
411 1410 499 1444 nate
520 1404 591 1444 dea
609 1436 621 1457 ,
650 1425 704 1432 —
727 1405 814 1455 quis
833 1405 959 1455 possit
977 1403 1140 1443 credere
1159 1400 1181 1442 *Ρ
1202 1424 1256 1431 --
1278 1402 1396 1442 telum

175 1462 288 1502 Flere
319 1463 441 1515 facit,
472 1463 665 1514 facietque
697 1462 763 1502 diu
782 1493 794 1515 ‚
825 1463 859 1501 si
890 1463 1019 1501 vivere
1051 1461 1164 1502 nobis

175 1521 270 1561 Fata
300 1521 367 1561 diu
399 1521 581 1561 dederint
600 1553 609 1561 .
648 1521 723 1560 hoc
755 1532 816 1560 me
850 1532 939 1560 cum
971 1522 1136 1572 coniuge
1169 1532 1258 1559 cara

176 1579 380 1620 Perdidit.
417 1580 492 1620 hoc
524 1582 674 1620 utinam
706 1581 922 1619 caruissem
953 1591 1117 1619 munere
1149 1578 1326 1630 semper!

175 1639 333 1678 Procris
365 1645 478 1692 erat,
510 1640 543 1678 si
575 1639 675 1678 forte
708 1640 828 1689 magis
860 1639 1040 1690 pervenit
1069 1638 1116 1677 ad
1149 1649 1263 1676 aures

88 1705 156 1737 695
179 1697 355 1749 Orithyia
388 1703 504 1751 tuas,
535 1703 668 1749 raptae
700 1709 814 1736 soror
846 1695 1069 1748 Orithyiae3

178 1756 220 1795 Si
251 1757 390 1795 faciem
421 1768 630 1807 moresque
663 1756 757 1795 velis
789 1755 970 1794 conferre
1003 1754 1193 1807 duarum,

177 1814 338 1867 Dignior
358 1816 441 1867 ipsa
461 1816 545 1867 rapi
565 1846 572 1854 .
612 1819 724 1866 pater
751 1814 850 1852 hanc
870 1812 964 1852 mihi
984 1814 1110 1852 iunxit
1128 1811 1397 1864 Erechtheus,

176 1872 284 1913 Hanc
316 1873 412 1913 mihi
443 1875 570 1913 iunxit
602 1884 710 1912 amor
730 1903 739 1912 .
778 1872 869 1911 felix
901 1871 1057 1910 dicebar
1089 1883 1296 1923 eramque.

176 1931 263 1972 Non
293 1934 347 1972 ita
378 1932 438 1971 dis
470 1933 596 1972 visum
628 1938 718 1984 est,
749 1936 816 1970 aut
846 1942 951 1970 nunc
982 1941 1138 1982 quoque
1170 1930 1333 1970 forsitan

1245 2000 1396 2028 essem.

90 2058 158 2090 706
178 2050 286 2090 Alter
317 2049 504 2101 agebatur
536 2055 626 2102 post
657 2061 767 2089 sacra
798 2048 938 2099 iugalia
971 2049 1139 2100 mensis,

179 2108 277 2148 Cum
307 2120 370 2147 me
402 2109 619 2160 cornigeris
651 2107 878 2147 tendentem
909 2109 1005 2146 retia
1038 2108 1163 2145 cervis

177 2166 331 2207 Vertice
363 2166 411 2206 de
443 2178 595 2206 summo
628 2178 783 2218 semper
815 2165 990 2204 florentis
1023 2164 1193 2216 Hymetti

177 2225 301 2266 Lutea
332 2237 444 2265 mane
476 2225 581 2265 videt
610 2225 733 2277 pulsis
767 2225 918 2263 Aurora
950 2223 1146 2275 tenebris,

179 2284 424 2336 invitumque
457 2285 585 2336 rapit.
622 2283 737 2323 liceat
769 2282 862 2322 mihi
892 2294 983 2321 vera
1015 2282 1164 2321 referre

89 2350 156 2384 705
177 2342 276 2383 Pace
308 2344 431 2383 deae.
471 2342 574 2394 quod
606 2343 658 2382 sit
689 2354 802 2381 roseo
835 2340 1057 2394 spectabilis
1089 2353 1181 2394 ore,

130 2416 244 2444 ovm.
264 2416 315 2444 n.
1076 2411 1117 2442 10
