1538 2496
157 125 241 168 302
371 137 576 160 ANAXARETB
706 121 921 157 METAMM
936 150 943 158 .

273 235 377 286 lphis
397 267 407 287 ‚
439 241 478 274 et
510 239 598 272 ante
630 233 734 272 fores
767 232 863 271 haec
894 230 1012 271 verba
1043 233 1254 271 novissima
1285 230 1407 270 dixit:

275 292 435 332 “Vincis
454 324 464 344 ‚
497 293 712 330 Anaxarete
731 321 742 343 ‚
774 303 901 341 neque
935 296 1052 330 erunt
1082 289 1154 329 tibi
1185 289 1310 329 taedia
1341 289 1497 329 tandem

274 352 356 391 Ulla
389 350 548 389 ferenda
580 351 684 388 mei.
730 349 852 388 laetos
887 349 1023 388 molire
1056 349 1303 400 triumphos,

187 419 252 450 720
273 410 322 449 Et
351 410 503 448 Paeana
535 420 659 461 voca,
691 408 892 459 nitidaque
924 409 1126 459 incingere
1158 407 1295 446 lauru.

273 468 403 507 Vincis
430 469 562 519 enim,
595 468 821 518 moriorque
847 465 974 522 libens
994 497 1003 505 .
1041 477 1111 517 age
1129 497 1141 518 ‚
1166 466 1295 505 ferrea
1312 496 1324 519 ‚
1349 465 1472 517 gaude
1487 497 1496 505 .

274 526 387 566 Certe
421 525 566 577 aliquid
597 525 755 564 laudare
788 526 865 564 mei
896 525 1048 576 cogeris
1081 525 1247 564 amoris.

275 584 378 635 [Quo
405 584 476 623 tibi
503 586 577 624 sim
596 590 760 636 gratus3
792 585 1056 634 meritumque
1081 582 1255 622 fatebere
1275 588 1454 622 nostrum
1469 581 1499 632 .]

272 644 358 683 Non
390 649 520 683 tamen
553 648 641 682 ante
673 644 731 682 tui
764 654 898 682 curam
931 643 1147 682 excessisse
1179 647 1402 693 memento,

186 710 251 741 725
274 703 399 748 Quam
430 704 577 741 vitam:
608 703 841 753 geminaque
873 701 989 739 simul
1019 701 1116 739 mihi
1147 700 1235 740 luce
1262 699 1521 739 carendum..

272 761 353 801 Nec
385 761 455 800 tibi
487 761 587 800 fama
618 762 696 799 mei
727 765 892 799 ventura
924 765 984 798 est
1015 761 1153 798 nuntia
1183 759 1275 811 leti;

273 820 361 872 Ipse
393 832 463 872 ego
482 851 494 872 ‚
525 831 575 859 ne
608 818 763 858 dubites
782 850 794 871 ,
831 818 948 857 adero
967 850 978 870 ‚
1009 829 1276 869 praesensque
1314 816 1500 870 videbor,

274 878 447 930 Corpore
479 884 524 918 ut
554 879 722 917 exanimi
755 877 928 916 crudelia
960 876 1107 916 lumina
1138 888 1297 928 pascas.

275 937 316 976 Si
347 943 478 977 tamen
497 969 508 990 ,
541 949 563 976 o
596 938 760 989 superi,
792 936 970 975 mortalia
1002 936 1103 975 facta
1133 935 1298 987 videtis,

186 1004 252 1036 730
273 996 366 1035 Este
398 998 476 1035 mei
507 1008 702 1035 memores
734 1016 790 1023 —
823 994 920 1033 nihil
951 994 1054 1034 ultra
1084 994 1217 1046 lingua
1247 994 1402 1045 precari

275 1055 453 1094 Sustinet
485 1076 539 1082 —
573 1060 612 1093 et
641 1054 758 1105 longo
791 1053 906 1093 facite
939 1058 984 1092 ut
1015 1064 1223 1092 narremur
1254 1053 1295 1091 in
1327 1064 1445 1091 aevo:

272 1113 350 1166 Et,
383 1126 482 1164 quae
514 1113 738 1164 dempsistis
769 1114 870 1151 vitae
889 1143 900 1164 ,
932 1111 1020 1151 date
1051 1118 1230 1163 tempora
1260 1111 1383 1150 famae
1399 1107 1440 1150 .'’

276 1171 425 1221 [Dixit.
465 1178 505 1211 et
535 1171 581 1210 ad
613 1177 746 1222 postes
779 1175 937 1210 ornatos
970 1182 1085 1221 saepe
1118 1171 1275 1209 coronis

272 1230 488 1269 Humentes
521 1230 656 1269 oculos
689 1236 728 1269 et
758 1229 899 1281 pallida
929 1228 1089 1268 brachia
1119 1228 1261 1268 tollens
1273 1227 1303 1281 ,]

186 1297 250 1328 735
274 1289 372 1329 Cum
403 1289 554 1328 foribus
585 1289 715 1340 laquei
746 1288 931 1339 religaret
961 1287 1115 1327 vincula
1146 1288 1333 1339 summis,

273 1345 410 1387 “Haec
441 1347 513 1387 tibi
545 1353 650 1386 serta
680 1347 864 1399 placent,
898 1346 1068 1386 crudelis
1095 1352 1134 1385 et
1158 1347 1276 1397 impia
1295 1341 1349 1384 ‘?”
1375 1345 1499 1398 dixit,

272 1407 522 1457 Inseruitque
555 1412 673 1458 caput
690 1437 701 1459 ‚
734 1406 803 1445 sed
834 1411 919 1445 tum
945 1417 1102 1456 quoque
1127 1416 1266 1444 versus
1292 1403 1339 1443 ad
1370 1403 1500 1456 illam,

273 1466 400 1517 Atque
432 1477 531 1504 onus
563 1464 697 1504 infelix
730 1464 824 1503 elisa
854 1464 966 1503 fauce
997 1463 1206 1516 pependit.

274 1524 352 1563 Icta
382 1523 528 1576 pedum
558 1528 668 1563 motu
701 1522 982 1574 [trepidantem
1014 1528 1053 1561 et
1083 1522 1206 1561 multa
1237 1523 1440 1561 timentem

186 1591 252 1622 740
273 1583 361 1622 Visa
393 1582 548 1622 dedisse
581 1580 739 1632 sonum]
781 1587 869 1634 est,
902 1581 1163 1632 adapertaque
1201 1582 1317 1620 ianua
1353 1580 1499 1619 factum

273 1641 478 1681 Prodidit.
519 1641 735 1680 exclamant
766 1640 929 1692 famuli,
961 1640 1187 1691 frustraque
1218 1639 1388 1678 levatum
1420 1660 1475 1666 —

273 1700 370 1739 Nam
400 1706 512 1752 pater
545 1699 744 1740 occiderat
775 1720 830 1727 --
863 1699 1043 1738 referunt
1080 1698 1128 1737 ad
1164 1698 1299 1737 limina
1336 1698 1500 1737 matris.

273 1760 426 1811 Accipit
455 1759 520 1798 illa
551 1760 640 1798 sinu
658 1790 669 1811 ‚
702 1757 981 1810 complexaque
1013 1757 1154 1809 frigida
1183 1757 1266 1796 nati

272 1818 446 1857 Membra
477 1819 538 1857 sui
562 1823 770 1869 postquam
802 1814 1188 1856 miseroruiiffierha
1218 1820 1427 1867 parentum

188 1885 253 1916 745
274 1877 435 1929 Edidit,
468 1882 508 1916 et
538 1882 708 1916 matrum
739 1877 975 1915 miserarum
1006 1875 1107 1915 facta
1137 1876 1314 1927 peregit,

274 1936 429 1975 Funera
461 1935 628 1975 ducebat
659 1935 827 1974 mediam
857 1934 1063 1974 lacrimosa
1093 1945 1165 1985 per
1195 1932 1358 1985 urbem,

274 1994 496 2045 Luridaque
530 2006 666 2033 arsuro
699 1992 880 2045 portabat
910 1992 1086 2032 membra
1116 1992 1288 2031 feretro.

275 2053 392 2092 Forte
424 2055 508 2092 viae
540 2054 666 2092 vicina
698 2052 866 2104 domus,
899 2062 975 2102 qua
1006 2048 1147 2090 flebilis
1179 2049 1260 2089 ibat

275 2112 451 2164 Pompa,
483 2113 587 2164 fuit3
619 2111 819 2162 duraeque
853 2121 973 2149 sonus
1004 2109 1203 2161 plangoris
1235 2108 1283 2147 ad
1314 2120 1430 2148 aures

190 2178 256 2210 750
277 2170 390 2209 Venit
421 2171 658 2210 Anaxaretes
677 2201 688 2222 ,
720 2181 836 2221 quam
861 2170 937 2208 iam
963 2168 1061 2208 deus
1091 2167 1196 2207 ultor
1228 2166 1387 2219 agebat.

277 2229 380 2268 Mota
412 2235 541 2269 tamen
559 2261 570 2282 ,
603 2224 849 2268 “videamus'
882 2229 935 2267 ait
966 2224 1203 2266 ‘miserabile
1234 2226 1353 2266 funus
1369 2222 1412 2278 ‚”

277 2287 327 2327 Et
358 2287 501 2339 patulis
531 2289 620 2327 iniit
650 2292 801 2327 tectum
833 2286 1000 2326 sublime
1033 2286 1241 2325 fenestris.
1288 2323 1294 2327 ,

277 2346 427 2399 Vixque
459 2346 558 2386 bene
590 2348 805 2398 inpositum
836 2345 937 2385 lecto
969 2349 1226 2397 prospexerat
1255 2343 1396 2396 Iphin,
