1554 2506
143 91 199 132 94
373 100 520 124 museus
697 83 912 120 METAMM
926 110 934 119 .

261 199 426 239 Dicere.
465 197 525 237 bis
558 202 714 236 centum
747 194 947 234 restabant
979 206 1146 246 corpora
1177 206 1354 248 pugnae,

260 259 439 309 Gorgone
472 256 531 295 bis
565 260 722 294 centum
754 255 961 305 riguerunt
993 265 1156 305 corpora
1189 254 1292 293 visa.

174 326 239 357 210
260 317 438 356 Paenitet
468 315 603 353 iniusti
635 319 730 353 tunc
762 312 929 364 denique
962 311 1108 351 Phinea
1139 311 1253 351 belli.

260 375 336 415 Sed
370 373 461 424 quid
494 369 619 424 agat?
651 371 858 411 simulacra
890 371 994 410 videt
1026 370 1177 410 diversa
1211 371 1371 423 figuris,

294 433 522 482 anoscitque
556 442 647 470 suos
666 462 678 483 ,
709 436 748 470 et
779 431 936 471 nomine
969 441 1164 480 quemque
1197 434 1376 468 vocatum

259 434 391 589 {380st
422 501 535 542 opem
554 521 565 542 ,
598 488 841 541 credensque
861 500 999 540 parum
1019 520 1029 540 ,
1062 487 1135 527 sibi
1164 489 1340 540 proxima
1360 488 1483 539 tangit

292 561 456 601 orpora:
476 560 647 588 marmor
675 553 814 587 erant.
853 548 1042 586 avertitur
1060 578 1072 599 ,
1104 551 1220 598 atque
1247 548 1300 586 ita
1319 545 1481 598 supplex

172 617 237 649 215
259 609 545 658 Confessasque
579 618 716 646 manus
749 605 984 658 obliquaque
1015 605 1196 645 bracchia
1228 604 1395 645 tendens

260 665 406 706 ‘Vincis
424 663 450 719 ,’
483 667 535 705 alt
568 663 761 705 ‘Perseuz
793 676 949 704 remove
981 669 1047 703 tua
1079 669 1283 717 monstra,
1314 669 1482 715 tuaeque

260 725 446 765 Saxificos
479 724 609 764 vultus
628 756 639 777 ,
672 735 942 775 quaecumque
975 734 1048 775 ea,
1083 722 1174 762 tolle
1205 721 1412 762 Medusae:

258 784 366 823 Tolle
385 816 396 837 ,
427 795 598 836 precor.
637 795 715 822 non
747 795 818 822 nos
852 782 984 821 odi-um
1018 782 1208 832 regnique
1241 780 1382 833 cupido

259 842 455 895 Compulit
486 841 531 881 ad
563 840 738 881 bellum:
770 853 842 893 pro
875 842 1040 892 coniuge
1071 841 1263 879 movimus
1295 851 1424 879 arma.

172 910 238 941 220
260 902 383 942 Causa
409 902 484 941 suit
516 901 666 940 meritis
699 900 838 939 melior
870 905 936 939 tua
955 931 966 952 ,
998 905 1175 951 tempore
1207 903 1364 938 nostra.

258 960 344 1000 Non
376 961 541 1000 cessisse
573 960 709 1011 piget.
741 958 836 998 nihil
855 990 866 1010 ,
898 970 919 997 o
953 958 1195 1010 fortissime,
1227 962 1384 1009 praeter

258 1019 367 1059 Hanc
399 1020 566 1058 animam
598 1017 769 1057 concede
802 1017 926 1057 mihi:
957 1022 1023 1056 tua
1057 1022 1186 1055 cetera
1219 1021 1336 1055 sunto
1352 1011 1376 1054 .’

258 1078 365 1117 Talia
397 1077 543 1117 dicenti
574 1089 702 1128 neque
736 1089 824 1116 eum
845 1108 856 1128 ,
889 1086 1005 1126 quem
1035 1086 1130 1114 voce
1162 1073 1348 1127 rogabat,

258 1136 471 1188 Respicere
504 1135 662 1175 audenti
695 1132 814 1186 ‘quod
833 1131 860 1187 ,⁹
893 1135 946 1172 ait
978 1130 1239 1172 ‘timidissime
1271 1131 1447 1185 Phineu,

171 1203 236 1235 225
257 1195 308 1234 Et
338 1206 500 1246 possum
531 1192 718 1234 tribuisse
751 1199 791 1232 et
821 1203 1005 1244 magnum
1036 1197 1097 1231 est
1127 1203 1270 1231 munus
1300 1192 1443 1243 inerti,

257 1254 363 1293 Pone
395 1258 574 1306 metum,
605 1251 803 1292 tribuam.
842 1250 947 1291 nullo
980 1249 1173 1290 violabere
1206 1250 1334 1289 ferro.

260 1312 362 1358 Quin
395 1313 511 1351 etiam
543 1322 726 1350 mansura
758 1309 856 1349 dabo
889 1310 1128 1349 monimenta
1160 1320 1232 1361 per
1264 1320 1426 1360 aevum;

258 1371 380 1423 Inque
413 1370 528 1410 domo
561 1371 688 1409 soceri
720 1381 876 1421 semper
907 1367 1136 1421 spectabere
1168 1368 1318 1420 nostri,

258 1429 309 1469 Ut
340 1440 425 1468 mea
457 1441 499 1468 se
532 1430 666 1480 sponsi
698 1427 848 1467 soletur
878 1428 1045 1478 imagine
1079 1426 1247 1466 coniunx
1263 1423 1288 1465 .’

171 1496 237 1529 230
258 1487 391 1541 Dixit,
424 1492 464 1527 et
493 1488 534 1527 in
566 1492 716 1538 partem
748 1485 993 1538 Phorcynida
1026 1484 1225 1525 transtulit
1255 1484 1383 1536 illam,

258 1546 314 1586 Ad
348 1557 464 1598 quam
496 1557 538 1585 se
570 1545 722 1597 trepido
755 1543 928 1584 Phineus
960 1543 1183 1583 obverterat
1213 1555 1305 1582 ore.

257 1605 358 1644 Tum
391 1616 546 1656 quoque
580 1605 736 1644 conanti
768 1615 838 1643 sua
869 1608 1023 1642 vertere
1055 1602 1199 1642 lumina
1234 1602 1363 1642 cervix

257 1663 436 1715 Deriguit
453 1694 464 1716 ‚
496 1674 667 1714 saxoque
700 1661 904 1702 oculorum
935 1661 1114 1701 induruit
1145 1672 1281 1700 umor.

259 1721 335 1762 Sed
367 1727 496 1762 tamen
529 1733 572 1761 os
604 1720 785 1761 timidum
804 1720 1014 1772 vultusque
1033 1721 1074 1759 in
1094 1730 1289 1759 marmore
1318 1718 1480 1772 supplex

171 1790 236 1821 235
259 1781 576 1832 Summissaeque
607 1791 746 1820 manus
778 1779 975 1830 faciesque
1009 1777 1370 1818 obnoxia-mansit.

316 1838 448 1879 Victor
480 1837 714 1878 Abantiades
745 1839 894 1890 patrios
927 1850 1017 1877 cum
1049 1837 1215 1888 coniuge
1248 1848 1382 1876 muros

258 1898 409 1951 Intrat,
442 1903 481 1937 et
511 1898 685 1937 inmeriti
715 1896 856 1936 vindex
888 1895 1276 1948 ultorquefflwentis

257 1929 492 2021 Aggreditur
523 1956 739 1996 Proetum.
770 1967 860 1995 nam
891 1955 1011 1994 fratre
1043 1966 1114 2006 per
1146 1965 1251 1993 arma
1283 1954 1414 2006 fugato

258 2002 503 2055 Acrisioneas
535 2013 703 2054 Proetus
734 2013 963 2066 possederat
995 2024 1129 2052 arces

171 2082 238 2113 240
260 2073 337 2112 Sed
357 2084 430 2112 nec
451 2085 522 2124 ope
544 2084 773 2125 armorum,
803 2084 906 2125 nec,
939 2083 1054 2124 quam
1075 2071 1172 2111 male
1193 2076 1373 2125 ceperat,
1393 2082 1482 2110 arce

257 2131 382 2171 Torva
414 2131 641 2171 colubriferi
672 2132 871 2184 superavit
895 2104 1046 2170 ’lumina
1078 2131 1265 2170 monstri.
1387 2138 1416 2166 1-
1434 2137 1481 2166 lv·

316 2189 371 2229 Te
409 2195 539 2229 tamen
558 2221 570 2244 ,
601 2202 622 2229 o
659 2202 800 2242 parvae
838 2195 1000 2242 rector,
1030 2188 1240 2240 Polydecta
1259 2220 1270 2241 ,
1303 2187 1484 2241 Seriphi,

257 2248 337 2288 Nec
368 2249 520 2288 iuvenis
553 2249 677 2288 virtus
709 2260 779 2300 per
811 2253 871 2288 tot
902 2253 1074 2300 spectata
1107 2247 1262 2286 labores

258 2306 338 2347 Nec
370 2306 468 2346 mala
500 2306 748 2347 mollierant.
788 2306 855 2346 sed
887 2305 1126 2346 inexorabile
1159 2305 1283 2345 durus
