1527 2580
575 123 641 159 Vll
660 151 667 167 ,
694 127 874 160 45—118.
1036 139 1151 161 usum
1311 129 1389 169 129

173 232 239 272 Sic
270 233 346 272 iam
378 232 507 272 lentus
538 244 675 285 amor,
706 235 780 272 iam
814 246 930 285 quem
964 234 1146 286 languere
1180 242 1362 289 putares,

174 290 226 331 Ut
255 291 351 330 vidit
382 292 561 330 iuvenem
581 322 592 343 ,
625 294 753 342 specie
788 294 1005 343 praesentis
1037 294 1173 332 inarsit
1189 293 1216 344 .]

173 348 224 388 Et
255 362 346 388 casu
378 349 491 389 solito
523 350 732 388 formosior
763 352 913 390 Aesone
947 358 1059 390 natus

111 417 154 448 85
175 407 241 447 Illa
273 408 360 448 luce
393 408 494 448 suit:
526 420 662 459 posses
694 410 896 459 ignoscere
929 412 1094 449 amanti.

176 466 363 519 Spectat,
395 473 434 506 et
465 468 504 506 in
536 466 644 506 vultu
677 467 795 505 veluti
828 474 908 506 tum
942 468 1109 519 denique
1142 469 1222 508 viso

175 524 338 564 Lumina
370 525 443 564 fixa
476 531 612 577 tenet,
644 537 716 564 nec
748 538 787 564 se
822 526 996 565 mortalia
1030 527 1188 566 demens

176 583 253 623 Ora
285 583 418 622 videre
448 589 588 636 putat,
622 595 694 622 nec
726 596 768 622 se
800 584 967 623 declinat
999 585 1045 624 ab
1078 585 1165 624 illo.

176 641 227 681 Ut
258 653 349 681 vero
382 644 590 694 coepitque
624 642 729 693 loqui
761 642 1015 694 dextramque
1048 644 1255 695 prehendit

112 709 156 741 90
176 699 326 752 Hospes
346 731 357 753 ,
390 706 429 740 et
459 700 644 739 auxilium
678 703 883 740 summissa
917 714 1009 740 voce
1042 704 1214 755 rogavit,

176 758 439 809 Promisitque
472 765 601 798 torum
621 791 631 811 ,
664 759 834 798 lacrimis
866 761 918 798 ait
950 760 1011 798 illa
1043 762 1236 811 profusis:

177 815 293 863 ‘Quid
328 817 463 856 faciam
483 849 494 870 ,
526 818 666 857 video:
699 830 771 857 nec
804 830 864 856 me
897 819 1112 869 ignorantia
1146 821 1226 858 veri

178 875 383 928 Decipiet‚
415 876 483 915 sed
517 888 624 914 amor
645 907 653 915 .
692 876 899 915 servabere
926 889 1089 916 munere
1122 884 1279 918 nostro:

178 934 363 973 Servatus
394 936 586 986 promissa
618 934 705 973 dato
722 932 746 973 .'
778 947 849 986 per
880 947 989 974 sacra
1021 936 1209 974 triformis

112 1001 156 1032 95
177 992 244 1031 l'lle
276 992 400 1045 deae,
432 992 600 1044 lucoque
633 993 734 1032 soret
767 993 868 1044 quod
903 1005 1048 1032 numen
1079 995 1117 1032 in
1152 993 1239 1047 illo,

176 1051 330 1102 Perque
361 1057 513 1102 patrem
545 1053 672 1090 soceri
703 1057 930 1090 cernentem
963 1057 1103 1091 cuncta
1135 1052 1280 1103 futuri,

176 1109 430 1160 Eventusque
462 1122 554 1149 suos
587 1115 626 1149 et
656 1115 762 1149 tanta
794 1109 967 1162 pericula
999 1112 1123 1149 iurat.

180 1168 362 1207 Creditus
394 1169 545 1219 accepit
576 1175 749 1207 cantatas
781 1170 961 1219 protinus
994 1168 1157 1221 herbas,

178 1225 426 1278 Edidicitque
458 1239 602 1279 usum,
635 1226 838 1277 laetusque
869 1228 907 1265 in
941 1232 1046 1265 tesca
1079 1229 1263 1268 recessit.

94 1293 159 1325 100
236 1284 400 1324 Postera
431 1284 635 1337 depulerat
666 1285 795 1324 stellas
828 1297 967 1323 aurora
1001 1287 1211 1325 micantes:

180 1343 428 1383 Conveniunt
459 1344 593 1395 populi
625 1355 781 1383 sacrum
813 1343 996 1382 Mavortis
1029 1345 1068 1382 in
1101 1356 1258 1397 arvum,

180 1401 486 1453 Consistuntque
519 1403 648 1453 iugis.
687 1402 813 1441 medio
846 1414 914 1440 rex
946 1403 1029 1453 ipse
1060 1402 1208 1441 resedit

179 1462 341 1512 Agmine
373 1473 597 1512 purpureus
629 1467 864 1512 sceptroque
896 1461 1059 1511 insignis
1091 1459 1263 1500 eburno.

179 1518 281 1558 Ecce
313 1518 550 1558 adamanteis
582 1518 788 1558 vulcanum
821 1518 980 1557 naribus
1012 1519 1145 1558 efflant

95 1585 159 1618 105
180 1577 393 1630 Aeripedes
424 1579 556 1631 tauri,
588 1583 791 1629 tactaeque
823 1576 1206 1629 vaporibus'herbae

180 1636 357 1676 Ardent.
394 1642 517 1687 utque
549 1635 676 1676 solent
707 1636 812 1688 pleni
838 1648 1023 1675 resonare
1057 1638 1219 1689 camini,

181 1697 258 1734 Aut
288 1693 356 1734 ubi
387 1700 545 1734 terrena
577 1694 706 1734 silices
738 1695 894 1733 fornace
928 1694 1045 1733 soluti

182 1753 418 1805 Concipiunt
447 1755 577 1805 ignem
608 1753 844 1804 liquidarum
876 1754 1081 1804 aspergine
1113 1765 1324 1806 aquarum3

181 1811 347 1851 Pectora
379 1813 435 1851 sic
466 1813 572 1851 intus
605 1811 755 1851 clausas
787 1811 977 1850 volventia
1010 1811 1181 1850 flammas

97 1879 162 1910 110
182 1870 427 1922 Gutturaque
460 1877 546 1910 usta
578 1876 745 1910 sonant.
783 1875 912 1918 tamen
945 1869 1020 1908 illis
1052 1870 1203 1909 Aesone
1235 1876 1348 1910 natus

184 1928 331 1968 Obvius
361 1930 419 1968 it.
457 1935 612 1968 vertere
644 1935 776 1968 truces
808 1929 1001 1967 venientis
1034 1927 1080 1966 ad
1113 1940 1179 1967 ora

182 1987 396 2027 Terribiles
425 1987 556 2027 vultus
587 1988 835 2039 praefixaque
867 1998 1013 2026 cornua
1046 1987 1174 2039 ferro,

183 2045 496 2097 Pulvereumque
528 2046 654 2085 solum
686 2046 785 2098 pede
817 2045 1020 2096 pulsavere
1053 2044 1227 2098 bisulco,

184 2104 460 2156 Fumificisque
491 2104 620 2144 locum
653 2104 866 2156 mugitibus
898 2103 1180 2155 impleverunt.

99 2171 162 2202 115
184 2163 398 2214 Deriguere
431 2169 537 2202 metu
569 2163 748 2214 Minyae.
787 2162 893 2202 subit
924 2162 987 2201 ille
1005 2194 1016 2215 ,
1048 2174 1121 2201 nec
1152 2163 1261 2214 ignes

184 2221 313 2261 Sentit
343 2221 542 2260 anhelatos
580 2242 635 2249 —
674 2226 826 2260 tantum
865 2221 1118 2260 medicamina
1151 2225 1315 2273 possunt
1348 2242 1395 2249 -

183 2279 436 2332 Pendulaque
470 2279 606 2319 audaci
638 2280 784 2319 mulcet
814 2279 982 2331 palearia
1014 2280 1173 2331 dextra,

184 2338 494 2391 Subpositosque
526 2340 617 2390 iugo
649 2338 802 2389 pondus
833 2350 948 2390 grave
980 2340 1085 2390 cogit
1115 2338 1232 2377 aratri

136 2410 319 2439 ovm.11.
1099 2407 1120 2438 9
