1554 2506
129 90 184 131 90
355 102 501 126 pensans
674 86 888 123 METAMM

244 199 455 251 Postquam
487 197 730 238 exhalantem
761 196 836 236 sub
868 196 1007 237 acerbo
1042 197 1200 237 vulnere
1234 199 1349 237 vitam

246 258 467 310 Deploravit
498 256 614 295 Athin
632 287 644 307 ‚
676 267 774 306 quos
805 255 868 294 ille
903 255 1123 296 tetenderat
1153 268 1267 295 arcus

243 318 391 368 Arripit
421 322 461 354 et
492 312 661 353 ‘mecum
693 313 764 353 tibi
795 315 874 353 sint
905 315 1116 354 certamina
1128 311 1155 367 ‚³
1189 315 1286 354 dixit

179 383 222 414 65
244 372 339 413 ‘Nec
369 374 529 424 longum
559 373 674 424 pueri
707 373 783 411 sato
814 372 1039 425 laetabere,
1070 385 1147 424 quo
1179 372 1266 424 plus

244 433 285 471 ln
312 432 410 471 idiae
429 463 440 484 ‚
473 443 589 482 quam
625 431 750 470 laudis
782 430 901 470 habes
922 427 946 469 .'
984 431 1080 470 haec
1117 432 1246 470 omnia
1287 429 1460 470 nondum

242 445 426 585 ΒᾸΘΓΜ,
459 490 619 528 emicuit
650 501 769 529 nervo
800 489 1043 540 penetrabile
1076 489 1220 542 telum,

273 551 488 599 itatumque
521 552 651 587 tamen
683 549 841 587 sinuosa
873 554 980 587 veste
1011 548 1219 599 pependit.

241 606 366 646 Vertit
395 608 436 645 in
467 607 572 646 hunc
603 606 752 658 harpen
783 612 997 658 spectatam
1028 606 1146 645 caede
1177 605 1360 645 Medusae

179 674 221 705 ‘10
241 665 527 704 Acrisioniades
545 696 556 718 ,
588 665 784 716 adigitque
817 667 856 704 in
887 670 1054 716 peetus.
1093 671 1131 703 at
1161 664 1225 704 ille

240 723 319 763 Iam
350 725 522 762 moriens
541 755 553 777 ,
585 723 708 763 oculis
740 722 814 762 sub
845 729 960 762 nocte
993 722 1215 762 natantibus
1247 729 1354 775 atra,

241 782 527 833 Circumspexit
557 781 673 820 Athin
692 813 704 833 ,
735 793 855 832 seque
887 780 1090 820 acclinavit
1119 783 1160 820 in
1191 781 1324 833 illum,

239 841 289 880 Et
320 840 409 880 tulit
439 840 486 879 ad
518 852 651 879 manes
682 842 837 879 iunctae
870 839 1011 879 solacia
1042 841 1200 879 mortis.

240 899 342 938 Eece
375 898 554 950 Syenites
574 931 584 950 ,
615 900 771 949 genitus
802 898 971 938 Metione
990 930 1002 950 ,
1032 897 1208 937 Phorbas

178 966 220 996 75
240 957 290 996 Et
320 957 436 1008 Libys
467 957 750 1009 Amphimedon
769 989 780 1008 ,
812 957 912 996 avidi
945 958 1188 996 committere
1220 968 1414 1008 pugnam,

240 1015 436 1067 Sanguine
455 1047 467 1067 ,
499 1028 575 1066 quo
607 1016 682 1055 late
715 1014 829 1054 tellus
861 1016 1076 1055 madefacta
1109 1014 1287 1068 tepebat,

239 1074 500 1113 Conciderant
532 1073 657 1125 lapsi.
697 1073 951 1124 surgentibus
983 1073 1135 1113 obstitit
1166 1075 1296 1126 ensis,

237 1133 408 1171 Alterius
441 1134 560 1171 costis
579 1164 590 1183 ‚
621 1132 754 1182 iugulo
786 1131 1020 1171 Phorbantis
1052 1131 1240 1171 adactus.

238 1192 286 1230 At
317 1203 396 1230 non
427 1190 638 1230 Actoriden
669 1189 835 1240 Erytum
852 1221 864 1242 ‚
896 1191 960 1229 cui
990 1189 1067 1229 lata
1096 1189 1277 1241 bipennis

174 1258 218 1288 80
237 1249 376 1288 Telum
408 1254 519 1301 erat,
552 1248 705 1288 hamato
735 1248 905 1287 Perseus
937 1249 1035 1300 petit
1065 1260 1159 1287 ense
1177 1280 1189 1300 ,
1219 1248 1288 1287 sed
1320 1248 1407 1288 altis

238 1307 444 1346 Extantem
475 1308 596 1358 signis
628 1319 864 1358 murraeque
896 1308 937 1345 in
967 1306 1142 1358 pondera
1174 1319 1301 1346 massa

238 1366 440 1416 Ingentem
472 1365 650 1404 manibus
683 1365 782 1404 tollit
814 1370 965 1404 cratera
997 1364 1172 1417 duabu-s,

239 1424 460 1475 infligitque
493 1425 574 1462 viro
596 1454 604 1462 .
642 1423 803 1462 rutilum
835 1424 956 1462 vomit
986 1423 1050 1462 ille
1082 1435 1265 1462 cruorem

236 1482 287 1521 Et
316 1484 527 1533 resupinus
559 1482 721 1521 humum
747 1481 980 1520 moribundo
1013 1483 1158 1521 vertice
1189 1481 1340 1533 pulsat.

174 1549 218 1579 85
239 1540 333 1579 Inde
366 1540 596 1579 Semiramio
628 1540 911 1591 Polydaemona
943 1541 1133 1591 sanguine
1165 1546 1318 1580 cretum

238 1599 546 1649 Caucasiumque
577 1598 722 1637 Abarin
756 1598 1145 1649 Sperchionidenque
1176 1597 1365 1650 Lycetum

237 1658 519 1708 lutonsumque
551 1669 681 1696 comas
712 1656 887 1696 Helicem
917 1656 1191 1708 Phlegyanque
1225 1656 1458 1709 Clytumque

238 1716 417 1768 Sternit,
449 1722 488 1755 et
519 1721 720 1755 extructos
751 1717 989 1754 morientum
1021 1715 1143 1754 calcat
1173 1727 1356 1755 acervos.

236 1774 316 1813 Nec
341 1774 514 1813 Phineus
545 1786 664 1813 ausus
696 1785 934 1812 concurrere
966 1775 1184 1813 comminus
1214 1774 1341 1827 hosti,

174 1833 442 1884 901ntorquet
472 1832 672 1872 iaculum:
704 1833 808 1883 quod
840 1832 979 1872 detulit
1011 1844 1122 1871 error
1153 1834 1194 1871 in
1225 1832 1342 1885 Idan,

237 1890 448 1942 Expertem
479 1892 625 1930 frustra
656 1889 747 1929 belli
778 1897 817 1929 et
848 1896 988 1929 neutra
1019 1902 1124 1941 arma
1155 1897 1358 1930 secutum.

240 1949 306 1987 Ille
340 1955 453 1988 tuens
485 1949 608 1989 oculis
640 1950 815 1988 inmitem
847 1948 994 1987 Phinea
1026 1950 1146 1988 torvis

239 2005 578 2058 ‘Quandoquidem
608 2009 649 2046 in
679 2004 827 2059 partes'
860 2009 910 2046 ait
945 2004 1164 2046 ‘abstrahor
1184 2038 1196 2056 ,
1228 2009 1391 2061 accipe,

1282 2066 1458 2118 Phineu,

238 2124 363 2170 Quem
382 2126 511 2164 fecisti
530 2125 683 2164 hostem
695 2157 706 2178 ,
732 2137 930 2176 pensaque
950 2124 1025 2164 hoc
1044 2123 1205 2164 vulnere
1225 2122 1382 2165 vulnus’
1403 2145 1457 2154 -—

177 2191 220 2221 95
243 2183 398 2233 lamque
431 2185 671 2222 remissurus
702 2189 872 2222 tractum
903 2184 951 2222 de
984 2195 1150 2234 corpore
1181 2182 1303 2222 telum

238 2241 434 2292 Sanguine
466 2242 639 2280 defectos
672 2242 813 2281 cecidit
845 2241 1038 2292 collapsus
1068 2242 1109 2280 in
1141 2246 1272 2280 artus.

237 2299 336 2338 Tum
375 2311 529 2351 quoque
564 2299 789 2351 Cephenum
820 2306 909 2351 post
946 2311 1079 2350 regem
1116 2301 1265 2351 primus
1297 2299 1459 2340 Hodites
