1527 2580
534 119 566 154 X
581 146 589 163 ,
615 123 801 155 216—288
815 147 823 155 .
944 131 1142 155 prunnon
1262 119 1347 162 203

129 231 203 269 Ars
234 228 330 269 adeo
363 228 456 268 latet
486 235 568 268 arte
601 241 698 268 sua.
739 230 902 268 miratur
921 261 931 281 ‚
963 235 1003 268 et
1032 229 1163 268 haurit

126 287 293 328 Pectore
324 286 549 339 Pygmalion
582 287 752 326 simulati
785 289 961 340 corporis
993 289 1125 339 ignes.

129 346 253 398 Saepe
286 358 424 386 manus
456 347 566 397 operi
598 352 832 397 temptantes
865 346 1071 399 admovet,
1103 358 1150 386 an
1183 348 1233 386 sit

40 412 105 444 255
127 404 308 458 Corpus,
340 416 388 444 an
419 404 514 443 illud
547 403 674 443 ebur:
707 417 779 444 nec
811 405 937 444 adhuc
957 404 1055 444 ebur
1075 417 1161 444 esse
1183 406 1347 444 fatetur.

127 463 269 503 Oscula
301 463 395 515 dat,
426 462 615 514 reddique
654 469 794 515 putat3
826 463 1108 516 loquiturque,
1140 469 1349 516 tenetque,

126 521 177 561 Et
207 521 333 561 eredit
363 523 477 561 tactis
503 521 645 572 digitos
676 521 846 560 insidere
880 522 1090 561 membris:

126 579 178 619 Et
207 581 377 632 metuit,
409 591 567 631 pressos
599 581 728 619 veniat
759 592 808 619 ne
840 580 937 619 livor
969 583 1009 619 in
1042 587 1172 620 artus.

125 637 174 678 Et
206 638 320 677 modo
352 638 560 677 blanditias
593 637 779 690 adhibet,
811 639 925 678 modo
958 645 1066 690 grata
1097 639 1238 690 puellis

38 704 105 737 260
124 696 287 736 Munera
318 697 396 736 sert
426 697 511 749 illi,
543 697 711 736 conchas
744 703 968 749 teretesque
1000 697 1175 750 lapillos,

124 754 175 795 Et
205 767 342 808 parvas
373 754 552 795 volucres
585 762 624 794 et
655 755 772 795 flores
804 756 908 795 mille
941 756 1139 809 colorum,

124 813 300 866 Liliaque
331 815 533 866 pictasque
563 814 661 866 pilas
693 821 732 854 et
763 814 810 853 ab
842 814 982 854 arbore
1012 814 1139 866 lapsas

125 871 331 913 Heliadum
362 873 569 912 lacrimas.
608 880 722 912 ornat
754 885 910 925 quoque
941 873 1115 913 vestibus
1148 878 1279 912 artus:

125 930 199 970 Dat
229 931 361 983 digitis
393 943 564 983 gemmas
582 964 594 984 ‚
626 932 691 971 dat
721 932 834 984 longa
866 932 1023 971 monilia
1057 931 1179 983 collo;

41 996 108 1030 265
128 990 232 1030 Aure
263 990 369 1029 leves
399 989 518 1030 bacae
537 1022 548 1043 ,
580 990 808 1030 redimicula
839 996 1000 1042 pectore
1031 990 1225 1042 pendent.

128 1048 278 1088 Cuncta
309 1049 479 1088 decent:
510 1060 584 1088 nec
615 1049 719 1088 nuda
750 1051 879 1088 minus
912 1049 1082 1089 formosa
1114 1048 1289 1088 videtur.

129 1106 302 1147 Collocat
331 1107 432 1147 hanc
464 1109 598 1147 stratis
630 1107 779 1147 concha
812 1107 996 1147 Sidonide
1028 1109 1186 1159 tinctis,

126 1165 382 1218 Appellatque
413 1167 491 1205 tori
522 1167 667 1206 sociam
685 1198 696 1219 ,
728 1166 997 1217 adclinataque
1030 1165 1127 1205 colla

126 1223 308 1264 Mollibus
339 1226 380 1263 in
411 1224 554 1276 plumis
573 1257 584 1277 ,
616 1231 814 1276 tamquam
846 1236 1010 1264 sensura
1028 1256 1039 1277 ‚
1071 1225 1249 1276 reponit.

39 1289 107 1322 270
126 1282 240 1322 Festa
272 1282 356 1322 dies
387 1281 550 1322 Veneris
582 1289 663 1323 tota
695 1283 950 1323 celeberrima
982 1282 1109 1334 Cypro

126 1340 323 1394 Venerat,
355 1347 394 1381 et
424 1341 562 1394 pandis
593 1341 776 1381 inductae
807 1341 994 1381 cornibus
1026 1353 1166 1380 aurum

126 1399 388 1439 Conciderant
417 1401 518 1439 ictae
550 1401 661 1439 nivea
692 1402 844 1440 cervice
876 1402 1087 1452 iuvencae,

126 1456 157 1496 T
171 1469 311 1509 iraque
343 1457 574 1498 fumabant:
606 1470 696 1498 cum
728 1470 891 1498 munere
923 1459 1084 1498 functus
1115 1456 1162 1497 ad
1195 1469 1280 1497 aras

127 1515 313 1556 Constitit
343 1522 384 1556 et
414 1516 548 1556 timide
581 1513 647 1556 “si
678 1517 717 1556 di
748 1517 840 1556 dare
873 1523 1014 1556 cuncta
1044 1518 1234 1569 potestis,

40 1581 109 1614 2⁷5
131 1573 190 1614 Sit
220 1576 391 1614 coniunx
409 1606 421 1628 ,
452 1572 560 1627 opto'
591 1587 670 1615 non
702 1587 821 1615 ausus
854 1572 1044 1615 ‘eburnea
1075 1571 1215 1626 virg0''

125 1632 265 1672 Dicere
283 1664 295 1686 ‚
325 1632 552 1685 Pygmalion
585 1631 738 1673 ‘similis
769 1631 870 1673 mea'
903 1634 1000 1673 dixit
1025 1628 1270 1673 ‘eburnae.’'

127 1691 289 1744 Sensit,
320 1697 365 1731 ut
395 1694 479 1743 ipsa
509 1693 592 1731 suis
624 1692 758 1731 aderat
788 1691 919 1731 Venus
951 1704 1069 1731 aurea
1100 1692 1235 1730 festis:

128 1748 243 1800 [Vota
275 1749 369 1801 quid
401 1749 463 1789 illa
494 1749 644 1789 velint:
675 1756 744 1802 et,
777 1751 890 1789 amici
921 1751 1093 1790 numinis
1127 1761 1241 1788 omen
1254 1748 1283 1801 ‚]

125 1807 296 1847 Flamma
327 1814 389 1848 ter
420 1820 584 1848 accensa
615 1814 676 1848 est
707 1809 935 1860 apicemque
966 1821 1037 1860 per
1069 1812 1158 1848 aera
1189 1807 1322 1847 duxit.

39 1873 108 1906 280
127 1865 178 1906 Ut
209 1866 355 1919 rediit,
387 1866 594 1907 simulacra
626 1879 720 1906 suae
750 1869 851 1919 petit
880 1866 944 1906 ille
975 1866 1152 1919 puellae,

126 1924 441 1977 incumbensque
474 1932 561 1965 toro
593 1924 701 1965 dedit
731 1925 893 1965 oscula.
930 1926 1011 1964 visa
1043 1931 1177 1977 tepere
1210 1931 1293 1964 est:

127 1982 335 2034 [Admovet
353 1996 396 2023 es
415 1986 560 2024 iterum
572 2016 583 2037 ,
608 1983 790 2024 manibus
809 1995 965 2035 quoque
985 1989 1146 2036 pectora
1165 1988 1350 2035 temptat:

125 2041 376 2094 Temptatum
407 2043 599 2082 mollescit
630 2042 728 2082 ebur
746 2075 758 2096 ,
787 2045 996 2095 positoque
1027 2044 1157 2094 rigore

130 2099 308 2140 Subsidit
338 2101 469 2152 digitis
488 2133 499 2154 ,
531 2100 713 2153 ceditque
731 2133 743 2154 ‚
774 2107 820 2141 ut
849 2101 1044 2152 Hymettia
1076 2100 1157 2140 sole

39 2165 108 2199 285
128 2158 226 2198 Cera
257 2159 497 2199 remollescit
514 2191 525 2212 ,
556 2165 798 2211 tractataque
825 2159 965 2211 pollice
997 2158 1140 2199 multas

125 2217 317 2257 Flectitur
347 2219 388 2257 in
419 2218 538 2257 facies
556 2249 568 2270 ‚
599 2219 764 2270 ipsoque
796 2218 840 2257 fit
871 2217 979 2258 utilis
1004 2229 1103 2258 usu.

126 2274 228 2315 Dum
259 2281 421 2329 stupet,
452 2282 493 2316 et
523 2275 640 2316 dubie
672 2276 843 2330 gaudet,
875 2275 1031 2328 fallique
1063 2282 1245 2328 veretur,

126 2332 281 2374 Rursus
312 2346 446 2375 amans
477 2346 695 2389 rursusque
729 2347 845 2375 manu
876 2347 947 2375 sua
977 2341 1066 2376 vota
1097 2339 1283 2374 retractat
1296 2332 1325 2385 .]
