1527 2580
587 129 638 163 IV
655 156 663 174 ,
690 132 874 165 504—577
892 158 899 166 .
1057 143 1192 166 cannes
1358 131 1407 173 81

193 237 369 290 inposuit
385 269 397 290 ,
429 249 649 290 nomenque
676 239 792 278 simul
818 240 1034 290 faciemque
1061 242 1237 279 novavit:
1274 250 1301 274 t.
1322 249 1407 274 κινεῖ4

194 295 495 348 Leucotheeque
529 296 645 336 deum
678 310 767 336 cum
799 303 922 337 matre
954 298 1183 337 Palaemona
1216 298 1335 338 dixit.

255 354 435 394 Sidoniae
468 357 631 394 comites
650 387 661 407 ‚
693 362 881 407 quantum
913 356 1098 409 valuere,
1130 363 1286 396 secutae

194 412 311 464 Signa
343 413 488 465 pedum
508 445 518 465 ‚
548 415 674 465 primo
707 414 837 453 videre
871 417 1078 454 novissima
1111 427 1226 455 saxo:

104 479 173 511 545
193 471 274 511 Nec
305 471 467 511 dubium
498 472 546 511 de
579 479 705 512 morte
738 479 842 512 ratae
862 505 872 525 ,
905 473 1110 512 Cadmeida
1142 473 1279 524 palmis

193 529 433 582 Deplanxere
466 530 624 570 domum
644 563 655 583 ‚
687 533 831 570 scissae
864 544 953 570 cum
984 538 1090 571 veste
1124 532 1303 584 capillos,

193 588 322 639 thue
354 600 491 640 parurn
523 591 648 628 iustae
682 591 922 641 nimiumque
957 592 997 629 in
1029 590 1174 641 paelice
1208 602 1365 642 saevae,

193 646 379 686 Invidiam
412 648 540 686 fecere
574 647 696 687 deae.
736 650 908 687 convicia
942 648 1036 687 luno

192 704 278 744 Non
312 704 400 744 tulit
431 712 470 745 et
502 703 655 745 ‘faciam
687 718 753 745 vos
785 707 890 758 ipsas
922 705 1102 746 maxima’
1136 707 1233 747 dixit

106 771 174 804 550
195 760 402 802 ‘Saevitiae
435 766 671 803 monimenta
704 777 812 804 meae
839 762 864 804 .’
902 777 965 804 res
992 766 1092 804 dicta
1126 772 1259 805 secuta
1291 773 1371 805 est.

193 821 290 861 Nam
323 834 420 873 quae
453 824 662 874 praecipue
695 823 823 862 suerat
852 825 944 875 pia,
978 821 1225 875 ‘prosequar'
1257 825 1385 876 inquit

196 878 255 919 ‘In
287 880 386 919 freta
419 883 592 932 reginam
611 878 638 933 ,'
671 881 890 932 saltumque
924 882 1061 921 datura
1092 884 1239 921 moveri

193 937 306 977 Haud
339 951 506 989 usquam
536 941 665 990 potuit
696 940 936 991 scopuloque
970 941 1082 979 affixa
1114 940 1308 980 cohaesit.

193 996 327 1036 Altera
358 997 451 1036 dum
478 997 592 1036 solito
625 1003 789 1050 temptat
818 998 1003 1049 plangore
1037 999 1155 1037 ferire

106 1063 174 1095 655
193 1055 359 1094 Pectora
377 1087 388 1107 ,
420 1062 628 1107 temptatos
660 1058 784 1096 sensit
814 1058 982 1108 riguisse
1014 1056 1203 1096 lacertos.

194 1113 290 1166 illa,
321 1125 460 1154 manus
492 1120 536 1153 ut
567 1115 668 1154 sorte
700 1114 921 1154 tetenderat
951 1117 992 1154 in
1023 1117 1142 1154 maris
1175 1115 1320 1167 undas,

197 1172 320 1211 Saxea
351 1173 452 1211 sacta
483 1184 622 1211 manus
647 1175 687 1212 in
720 1173 875 1212 easdem
906 1174 1073 1224 porrigit
1103 1173 1250 1212 undas.

195 1230 321 1270 Huius
339 1261 350 1282 ,
382 1236 427 1269 ut
457 1237 658 1282 arreptum
689 1230 856 1270 laniabat
887 1233 1032 1270 vertice
1066 1233 1240 1284 crinem,

195 1288 363 1328 Duratos
388 1288 517 1328 subito
550 1289 692 1340 digitos
724 1291 763 1328 in
796 1291 903 1328 crine
935 1289 1110 1329 v1deres.

107 1355 176 1388 560
196 1347 282 1393 Quo
315 1359 492 1398 quaeque
524 1349 564 1386 in
597 1354 709 1399 gestu
742 1347 934 1399 deprensa
967 1354 1056 1400 est,
1094 1347 1220 1387 haesit
1256 1350 1296 1387 in
1328 1348 1414 1387 illo.

195 1405 291 1445 Pars
308 1405 488 1445 volucres
512 1406 635 1445 factae
656 1437 664 1446 .
697 1418 796 1457 quae
815 1418 921 1445 nunc
941 1418 1097 1457 quoque
1118 1407 1272 1457 gurgite
1293 1407 1332 1445 in
1352 1405 1416 1445 illo

196 1465 377 1515 Aequora
407 1463 659 1516 destringunt
689 1466 852 1504 summis
883 1463 1098 1503 Ismenides
1129 1464 1222 1503 alis.

254 1521 389 1562 Nescit
417 1522 658 1574 Agenorides
690 1528 819 1562 natam
850 1534 1091 1574 parvumque
1123 1528 1304 1574 nepotem

196 1582 387 1632 Aequoris
418 1593 505 1620 esse
538 1581 631 1620 deos
651 1612 660 1620 .
697 1581 807 1621 luctu
838 1582 1019 1632 serieque
1051 1580 1243 1620 malorum

111 1646 177 1679 565
197 1639 331 1679 Victus
363 1645 403 1678 et
433 1641 598 1679 ostentis
616 1671 628 1691 ‚
660 1651 758 1691 quae
789 1639 958 1691 plurima
989 1639 1166 1691 viderat,
1199 1640 1278 1678 exit

199 1697 385 1737 Conditor
417 1697 515 1737 urbe
547 1710 616 1738 sua
635 1730 646 1750 ‚
677 1704 875 1749 tamquam
906 1698 1063 1737 fortuna
1093 1697 1293 1745 locorum,

197 1755 283 1795 Non
315 1767 385 1796 sua
416 1768 458 1796 se
489 1762 717 1808 premeret3
748 1756 953 1808 longisque
985 1755 1180 1795 erratibus
1211 1762 1321 1795 actus

199 1814 371 1865 Contigit
402 1813 576 1866 Illyricos
606 1815 771 1867 profuga
804 1826 893 1854 cum
926 1815 1091 1865 coniuge
1123 1814 1241 1853 fines.

198 1873 355 1924 lamque
388 1873 498 1912 malis
530 1875 720 1925 annisque
752 1885 917 1925 graves,
950 1872 1043 1911 dum
1061 1874 1187 1924 prima
1205 1878 1420 1912 retractant

111 1940 180 1972 570
198 1931 292 1971 Fata
322 1931 461 1972 domus
492 1931 750 1983 releguntque
783 1943 876 1971 suos
908 1943 1088 1970 sermone
1120 1930 1297 1983 labores,

200 1987 318 2029 ‘Num
349 2002 460 2030 sacer
491 1990 555 2030 ille
587 2002 672 2030 mea
704 1991 892 2029 traiectus
924 1989 1086 2040 cuspide
1118 1986 1297 2041 serpens’

200 2047 368 2088 Cadmus
399 2051 452 2088 ait
484 2046 628 2088 ‘fuerat
645 2081 656 2102 ,
687 2055 771 2088 tum
789 2081 800 2100 ,
832 2060 922 2088 cum
955 2047 1100 2087 Sidone
1131 2048 1332 2100 profectus

200 2106 387 2158 Vipereos
419 2109 545 2159 sparsi
580 2119 652 2159 per
683 2107 845 2146 humum
864 2138 875 2159 ‚
906 2118 1003 2145 nova
1040 2108 1217 2158 semina,
1249 2103 1421 2146 dentes?

201 2165 327 2212 Quem
358 2167 392 2204 si
423 2177 518 2205 cura
548 2165 666 2205 deum
698 2171 777 2204 tam
809 2171 917 2204 certa
947 2164 1118 2204 vindicat
1141 2166 1222 2216 ira,

112 2231 179 2264 575
201 2223 287 2276 lpse
319 2236 461 2276 precor
493 2235 657 2275 serpens
689 2225 729 2263 in
761 2223 913 2275 longam
944 2225 1123 2276 porrigar
1155 2220 1298 2262 alvum’
1331 2243 1383 2251 --

201 2282 334 2335 Dixit,
367 2288 406 2322 et
436 2288 481 2322 ut
511 2294 675 2334 serpens
706 2283 747 2321 in
777 2281 933 2333 longam
963 2281 1139 2322 tenditur
1171 2281 1321 2333 alvum,

201 2340 448 2394 Durataeque
481 2343 563 2382 cuti
592 2352 772 2393 squamas
803 2342 1025 2381 increscere
1058 2342 1193 2385 sentit,

153 2412 264 2440 ovm.
284 2413 331 2440 11.
1119 2410 1140 2438 6
