1527 2580
556 116 619 151 Vll
638 146 645 161 ‚
672 121 878 153 265—838.
1039 131 1157 154 renus
1315 120 1394 161 135

176 227 353 279 Dumque
386 227 507 266 refert
539 229 641 266 inter
674 230 902 267 meritorum
935 230 1096 267 maxima
1116 260 1126 280 ,
1159 228 1335 280 demptos

175 287 337 324 Aesonis
370 297 455 324 esse
490 287 617 338 situs,
650 293 765 337 atque
799 287 869 324 hac
902 288 939 325 in
973 293 1081 338 parte
1116 293 1313 338 moratur,

177 343 275 396 Spes
307 350 367 383 est
398 344 613 394 virginibus
645 344 749 383 Pelia
784 345 956 384 subiecta
991 347 1155 398 creatis,

87 410 154 443 305
175 403 267 441 Arte
299 414 414 442 suum
447 402 557 453 parili
590 405 827 442 revirescere
861 416 974 454 posse
1008 410 1231 455 parentem.

175 461 332 512 lamque
365 466 533 513 petunt,
566 463 814 512 pretiumque
850 461 985 500 iubent
1016 464 1099 501 sine
1133 463 1207 501 fine
1228 463 1388 514 pacisci.

175 519 240 559 llla
273 519 380 558 brevi
414 521 538 570 spatio
571 519 657 558 silet
691 526 727 559 et
762 519 938 559 dubitare
972 520 1148 572 videtur,

177 577 466 629 Suspenditque
501 579 649 617 animos
683 579 774 617 ficta
801 580 985 629 gravitate
1021 585 1248 630 rogantum.

174 636 260 675 Mox
294 635 361 675 ubi
395 636 565 687 pollicita
599 643 686 689 est,
720 635 812 687 ‘quo
847 639 896 675 sit
929 637 1065 675 fiducia
1101 639 1222 675 maior

87 703 155 736 310
174 694 348 734 Muneris
381 691 542 746 liuius‚'
575 696 627 734 ait
659 692 740 746 ‘qui
775 702 921 734 vestras
955 697 1143 735 maximus
1176 708 1268 734 aevo
1302 704 1359 735 est

175 753 257 792 Dux
285 755 414 804 gregis
447 755 550 792 inter
582 765 702 806 oves,
734 766 856 805 agnus
889 754 1141 793 medicamine
1175 750 1279 793 fiet?

174 811 360 851 Protinus
392 813 608 850 innumeris
642 813 780 851 effetus
814 812 960 863 laniger
993 814 1102 851 annis

174 870 393 909 Attrahitur
426 870 524 908 ssexo
558 872 706 909 circum
739 883 828 909 cava
862 877 1035 922 tempora
1068 883 1214 910 cornu:

175 929 295 968 Cuius
328 935 370 967 ut
402 927 615 968 Haemonio
648 931 859 968 marcentia
892 935 1048 980 guttura
1082 929 1208 968 cultro

86 996 154 1027 315
175 986 317 1039 Fodit,
348 993 388 1026 et
419 989 558 1038 exiguo
592 987 797 1026 maculavit
829 989 1015 1039 sanguine
1049 988 1220 1039 serrum,

174 1044 347 1085 Membra
379 1045 494 1084 simul
527 1046 688 1097 pecudis
720 1045 944 1097 validosque
978 1046 1147 1085 venefica
1180 1057 1294 1084 sucos

174 1104 314 1155 mergit
344 1105 384 1143 in
417 1115 506 1143 aere
539 1116 660 1144 cavo:
694 1103 895 1154 [minuunt
928 1116 970 1143 ea
1004 1105 1179 1155 corporis
1213 1111 1343 1156 artus,

175 1162 408 1214 Cornuaque
441 1169 640 1215 exurunt,
673 1175 744 1201 nec
777 1175 854 1202 non
887 1175 975 1202 cum
1008 1162 1194 1201 cornibus
1227 1174 1371 1201 annos:

174 1220 222 1260 Et
256 1227 367 1260 tener
399 1220 555 1260 auditur
588 1220 714 1260 medio
747 1220 896 1260 balatus
929 1225 1046 1260 aeno.

86 1288 154 1319 320
174 1280 253 1319 Nec-
286 1291 392 1318 mora
412 1311 423 1332 ,
454 1278 642 1330 balatum]
677 1279 910 1318 mirantibus
943 1279 1050 1318 exilit
1081 1291 1226 1331 agnuS,

175 1338 421 1389 Lascivitque
454 1338 543 1389 suga
563 1370 573 1390 ,
606 1338 864 1389 lactantiaque
897 1337 1017 1376 ubera
1051 1339 1224 1388 quaerit.

176 1396 411 1448 Obstipuere
444 1403 548 1435 satae
581 1396 716 1436 Pelia:
747 1398 1018 1448 promissaque
1050 1402 1255 1447 postquam

175 1455 398 1494 Exhibuere
432 1454 546 1493 fidem
566 1487 576 1507 ,
609 1461 690 1494 tum
724 1467 815 1493 vero
847 1456 1049 1506 inpensius
1082 1456 1249 1492 instant.

175 1513 252 1553 Ter
284 1515 372 1565 iuga
405 1513 587 1552 Phoebus
620 1515 731 1565 equis
763 1515 801 1552 in
836 1512 982 1552 Hibero
1015 1512 1172 1551 flumine
1206 1513 1343 1551 mersis

87 1580 153 1612 325
175 1572 434 1624 Dempserat‚
467 1577 506 1611 et
537 1578 673 1623 quarta
707 1572 894 1611 radiantia
927 1577 1041 1610 nocte
1074 1570 1266 1609 micabant

177 1631 342 1684 Sidera,
375 1642 465 1669 cum
497 1631 632 1682 rapido
665 1630 775 1669 fallax
809 1631 961 1669 Aeetias
994 1631 1071 1681 igni

176 1689 332 1741 Inponit
362 1701 505 1741 purum
538 1689 691 1728 laticem
725 1695 763 1727 et
795 1690 878 1727 sine
911 1687 1058 1727 viribus
1090 1686 1253 1726 herbas.

176 1748 333 1798 lamque
367 1749 452 1786 neci
487 1747 623 1786 similis
656 1747 828 1786 resoluto
862 1758 1027 1798 corpore
1059 1757 1191 1796 regem

177 1806 224 1845 Et
258 1818 346 1845 cum
379 1817 470 1857 rege
503 1818 574 1845 suo
608 1805 790 1844 custodes
824 1817 984 1843 somnus
1015 1803 1203 1855 habebat,

89 1873 156 1904 330
177 1865 302 1911 Quem
335 1864 524 1903 dederant
556 1870 694 1903 cantus
727 1865 974 1914 magicaeque
1008 1863 1179 1913 potentia
1219 1861 1371 1913 linguae

177 1923 372 1963 lntrarant
403 1924 530 1961 iussae
563 1935 652 1961 cum
685 1921 866 1961 Colchide
900 1921 1030 1960 limina
1063 1927 1198 1973 natae,

177 1981 482 2032 Ambierantque
517 1987 675 2020 torum.
715 1977 821 2032 ‘quid
863 1991 966 2018 nunc
999 1978 1184 2018 dubitatis
1215 1977 1396 2018 inertes?

177 2036 381 2091 Stringite'
414 2041 466 2078 ait
497 2037 687 2091 ‘gladios‚
719 2045 969 2088 veteremque
1003 2037 1153 2076 haurite
1193 2048 1394 2087 cruorem,

177 2098 226 2137 Ut
258 2097 428 2150 repleam
461 2110 600 2137 vacuas
631 2097 796 2136 iuvenali
831 2098 1018 2147 sanguine
1051 2107 1190 2135 venas.

88 2157 219 2197 33511]
254 2155 432 2195 manibus
465 2158 606 2195 vestris
639 2157 713 2194 vita
747 2161 803 2194 est
838 2161 1021 2205 aetasque
1053 2155 1248 2206 parentis.

179 2215 239 2265 [Sl
271 2217 394 2267 pietas
427 2214 502 2253 ulla
537 2221 626 2267 est,
658 2226 731 2253 nec
765 2225 855 2265 spes
887 2214 1039 2265 agitatis
1071 2214 1205 2252 inanes
1219 2212 1248 2265 ,]

177 2273 359 2313 Officium
391 2278 585 2325 praestate
618 2274 749 2325 patri,
781 2272 947 2323 telisque
980 2277 1176 2310 senectam

176 2331 327 2384 Exigite
347 2364 358 2384 ,
390 2337 429 2371 et
461 2333 606 2371 saniem
640 2332 816 2370 coniecto
850 2331 1015 2370 emittite
1047 2331 1152 2369 ferro
1167 2326 1192 2369 ,⁹
