1518 2501
86 41 139 83 28
298 55 480 76 rum-:Tuon
632 38 847 74 METAMM
861 65 870 74 .

201 152 425 191 Admiratur
456 162 607 202 equos,
638 149 894 200 ambustaque
926 149 1058 188 nubila
1089 149 1261 189 sumant.

115 218 182 249 210
202 211 423 261 Corripitur
453 208 618 247 ssammis
649 213 694 247 ut
725 220 902 259 quaeque
935 208 1121 247 altissima
1139 239 1150 260 ,
1180 208 1321 261 tellus,

202 269 388 319 Fissaque
421 269 499 318 agit
529 269 647 305 rimas
680 272 719 306 et
750 268 856 306 sucis
887 273 972 306 aret
1002 266 1214 318 ademptis,

202 327 346 366 Pabula
377 331 619 378 canescunt,
650 337 740 365 cum
771 325 976 364 frondibus
1008 327 1138 364 uritur
1169 325 1307 379 arbor,

202 386 478 435 Materiamque
509 396 581 423 suo
612 384 774 436 praebet
805 397 917 436 seges
948 384 1055 422 arida
1087 384 1249 423 damno.

202 445 323 483 Parva
356 455 501 494 queror
521 474 528 482 .
567 455 728 494 magnae
753 448 923 495 pereunt
942 455 1032 482 cum
1052 443 1258 482 moenibus
1279 442 1398 483 urbes
1412 476 1422 496 ,

116 511 181 541 215
203 503 378 552 Cumque
412 502 493 540 suis
525 507 627 541 totas
658 502 814 554 populis
844 501 1024 541 incendia
1056 508 1192 553 gentes

202 561 244 599 ln
278 562 450 599 cinerem
481 566 668 600 vertunt.
706 561 823 600 silvae
857 573 945 599 cum
976 560 1176 600 montibus
1208 561 1370 614 ardent,

202 619 322 658 Ardet
353 618 475 658 Athos
506 618 740 670 Taurusque
774 619 871 658 Cilix
901 625 942 658 et
972 619 1133 658 Tmolus
1166 625 1206 658 et
1237 619 1334 659 Oete

200 678 250 717 Et
280 683 365 717 tum
397 679 528 730 sicca,
553 680 663 729 prius
695 678 935 717 creberrima
967 678 1141 717 fontibus
1173 678 1239 717 lde

201 737 487 788 Virgineusque
519 736 682 775 Helicon
715 743 754 775 et
785 736 960 775 nondum
992 736 1183 787 Oeagrius
1215 736 1404 777 Haemos.

115 803 182 834 220
202 796 323 834 Ardet
353 797 393 834 in
425 797 648 834 inmensum
673 778 1069 860 geminatidNignibus
1100 795 1247 848 Aetne,

201 855 475 905 Parnasusque
507 854 642 905 biceps
674 860 714 893 et
744 853 848 905 Eryx
880 859 919 893 et
951 853 1127 905 Cynthus
1153 860 1193 893 et
1225 853 1394 908 Othrys,

201 913 251 952 Et
282 912 438 952 tandem
471 912 624 951 nivibus
656 912 844 964 Rhodope
877 914 1072 965 caritura,
1102 912 1317 964 Mimasque

201 971 468 1023 Dindymaque
501 978 539 1011 et
570 971 715 1022 Mycale
748 978 941 1022 natusque
974 971 1020 1010 ad
1053 983 1163 1010 sacra
1190 971 1423 1012 Cithaeron.

200 1030 281 1069 Nec
312 1036 480 1081 prosunt
513 1030 690 1081 Scythiae
725 1043 793 1069 sua
825 1031 999 1081 frigora:
1033 1030 1229 1070 Caucasus
1261 1031 1395 1085 ardet,

113 1097 180 1126 225
202 1089 376 1139 Ossaque
403 1101 493 1127 cum
524 1088 648 1127 Pindo
681 1090 882 1139 maiorque
915 1088 1105 1128 ambobus
1137 1088 1348 1142 Olympus,

200 1149 416 1198 Aeriaeque
448 1147 564 1198 Alpes
598 1153 636 1186 et
666 1147 824 1186 nubifer
855 1148 1135 1199 Appenninus.

200 1207 301 1245 Tum
332 1218 425 1244 vero
456 1205 658 1244 Phaethon
691 1207 842 1245 cunctis
875 1218 896 1245 e
921 1206 1101 1258 partibus
1133 1206 1270 1246 orbem

200 1265 349 1316 Aspicit
380 1276 590 1303 accensum
621 1276 694 1303 nec
726 1270 856 1303 tantos
889 1267 1059 1304 sustinet
1090 1271 1247 1317 aestus,

201 1324 493 1374 Ferventesque
526 1335 640 1362 auras
671 1322 778 1362 velut
809 1336 830 1362 e
863 1324 1021 1363 fornace
1052 1324 1247 1375 profunda

114 1390 181 1421 230
203 1382 279 1421 Ore
311 1381 460 1434 trahit,
493 1394 713 1433 currusque
747 1394 839 1421 suos
872 1382 1107 1421 candescere
1140 1384 1282 1435 sentit3

201 1441 250 1480 Et
282 1452 410 1492 neque
442 1442 519 1479 iam
551 1442 704 1479 cineres
737 1442 1019 1492 eiectatamque
1052 1441 1219 1480 favillam

201 1499 321 1538 Ferre
353 1504 513 1551 potest,
545 1499 746 1550 calidoque
778 1499 989 1538 involvitur
1020 1499 1195 1551 undique
1227 1500 1360 1553 fumo,

202 1558 366 1609 Quoque
399 1563 489 1610 eat,
521 1564 588 1596 aut
618 1557 686 1596 ubi
718 1559 797 1610 sit,
828 1560 939 1609 picea
970 1558 1133 1610 caligine
1165 1565 1294 1598 tectus

201 1616 364 1667 Nescit,
396 1622 436 1655 et
467 1615 629 1656 arbitrio
661 1616 864 1656 volucrum
896 1623 1074 1669 raptatur
1106 1629 1323 1668 equorum.

113 1683 179 1714 235
201 1675 398 1726 Sanguine
418 1681 512 1714 tunc
533 1675 701 1714 credunt
719 1677 759 1714 in
779 1688 945 1727 corpora
971 1688 1123 1715 summa
1152 1682 1289 1716 vocato
1314 1685 1343 1712 t.
1363 1686 1423 1712 xii.

202 1734 437 1785 Aethiopum
468 1734 635 1786 populos
666 1735 822 1786 nigrum
853 1736 1018 1774 traxisse
1051 1734 1246 1775 colorem.

201 1792 301 1831 Tum
333 1793 433 1831 sacta
464 1798 525 1831 est
555 1792 674 1844 Libye
706 1795 829 1845 raptis
860 1793 1065 1833 umoribus
1090 1799 1201 1833 aestu

201 1850 317 1889 Arida
336 1881 346 1890 .
382 1857 467 1890 tum
498 1851 690 1903 nymphae
721 1853 847 1903 passis
879 1852 1093 1907 fontesque
1118 1851 1306 1903 lacusque

202 1908 402 1948 Deilevere
434 1912 556 1949 comis
576 1941 584 1950 .
623 1912 780 1961 quaerit
810 1910 970 1950 Boeotia
1002 1910 1170 1964 Dircen,

116 1974 183 2006 240
203 1968 326 2018 Argos
357 1968 597 2019 Amymonen
616 2000 628 2022 ,
658 1968 815 2021 Ephyre
847 1969 1050 2009 Pirenidas
1082 1970 1229 2009 undas.

202 2025 283 2064 Nec
314 2028 451 2065 sortita
476 2027 562 2066 loco
594 2028 784 2067 distantes
816 2027 976 2067 flumina
1007 2030 1112 2080 ripas

202 2084 303 2123 Tuta
334 2091 519 2125 manent.
557 2087 696 2126 mediis
728 2087 869 2126 Tanais
900 2087 1062 2126 fumavit
1092 2089 1133 2126 in
1165 2086 1307 2140 undis,

202 2143 433 2194 Peneosque
466 2156 585 2183 senex
604 2177 615 2197 ,
646 2145 1016 2197 Teuthranteusque
1049 2145 1212 2198 Caicus,

203 2201 252 2240 Et
283 2201 388 2240 celer
419 2201 594 2241 Ismenos
627 2215 717 2243 cum
748 2204 941 2256 Phegiaco
972 2203 1237 2256 Erymantho,

116 2268 182 2299 245
203 2260 454 2311 Arsurusque
485 2262 629 2300 iterum
660 2261 868 2317 Xanthus,
900 2263 1101 2314 flavusque
1132 2261 1366 2317 Lycormas,
