1527 2580
560 98 591 133 V
607 126 616 143 ,
642 103 826 134 503—576
840 127 847 133 .
1004 112 1142 134 οιιιεκει
1295 100 1376 142 103

69 209 265 249 ωοῐηῑει·
296 208 505 248 Avernales
537 208 638 248 haud
671 209 910 259 ignotissima
944 208 1153 260 nymphas,

157 267 213 306 Ex
245 267 465 307 Acheronte
498 279 569 306 suo
602 266 706 305 silvis
738 269 938 318 peperisse
970 266 1043 305 sub
1076 269 1193 318 atris;

158 324 290 378 Vidit,
321 331 363 365 et
392 325 535 365 indicio
569 325 737 364 reditum
771 325 939 364 crudelis
972 325 1135 364 ademit.

157 384 352 436 Ingemuit
382 386 514 436 regina
546 383 693 435 Erebi,
726 390 945 435 testemque
977 385 1177 435 profanam

157 442 267 482 Fecit
296 454 406 482 avem
423 474 435 495 ‚
467 455 725 494 sparsumque
746 449 862 493 caput
882 442 1204 494 Phlegethontide
1225 443 1375 495 lympha

69 508 137 540 545
160 501 200 540 ln
233 506 407 540 rostrum
439 507 479 540 et
510 501 660 552 plumas
692 506 732 539 et
762 501 920 551 grandia
940 501 1084 540 lumina
1105 503 1242 541 vertit.
1280 510 1308 536 t.
1328 511 1376 536 ιι.

158 559 224 598 llle
257 558 331 599 sibi
362 559 513 599 ablatus
545 559 660 598 fulvis
692 561 872 598 amicitur
903 561 943 598 in
975 559 1067 612 alis,

158 617 281 668 Inque
313 624 431 670 caput
462 619 606 657 crescit
623 650 634 670 ,
665 618 880 669 longosque
912 618 1130 658 reflectitur
1163 631 1336 671 ungues,

158 675 307 727 Vixque
339 683 469 715 movet
494 683 602 715 natas
634 688 705 728 per
736 678 874 715 inertia
908 676 1087 716 bracchia
1120 690 1291 728 pennas:

159 733 366 786 Foedaque
398 735 442 774 fit
472 735 641 774 volucris
659 767 671 787 ,
703 737 857 774 venturi
890 737 1025 774 nuntia
1057 736 1209 787 luctus,

70 799 138 832 550
159 792 323 844 Ignavus
355 792 459 833 bubo
479 825 489 845 ‚
521 793 650 832 dirum
681 792 911 832 mortalibus
942 806 1079 833 omen.

217 850 288 891 Hic
321 858 450 891 tamen
482 852 625 892 indicio
657 864 821 903 poenam
852 852 1061 903 linguaque
1094 853 1216 891 videri

160 910 447 949 Commeruisse
480 916 637 962 potest.
676 910 813 962 vobis,
845 911 1102 962 Acheloides,
1134 912 1237 950 unde
1271 921 1299 946 e.
1318 920 1378 947 bl.

158 968 292 1008 Pluma
324 969 522 1020 pedesque
555 971 711 1020 avium,
743 981 832 1008 cuin
865 970 1025 1020 virginis
1057 981 1123 1007 ora
1155 967 1333 1020 geratis?

160 1028 215 1065 An
249 1028 338 1078 quia
357 1058 368 1079 ,
401 1039 489 1066 cum
521 1027 670 1078 legeret
702 1039 842 1065 vernos
873 1026 1109 1079 Proserpina
1141 1027 1281 1080 flores,

69 1092 138 1123 555
160 1085 201 1124 ln
235 1087 420 1124 comitum
452 1098 646 1138 numero,
679 1085 814 1124 doctae
848 1085 1036 1138 Sirenes,
1068 1083 1221 1125 eratis?

160 1143 284 1189 Quam
315 1149 522 1195 postquam
554 1150 635 1183 toto
668 1145 813 1183 frustra
845 1145 1052 1195 quaesistis
1083 1146 1122 1182 in
1155 1143 1273 1197 orbe,

160 1202 346 1241 Protinus
377 1208 421 1241 ut
452 1208 621 1241 vestram
653 1204 846 1241 sentirent
876 1214 1044 1253 aequora
1077 1214 1234 1255 curam,

161 1260 280 1300 Posse
313 1272 433 1312 super
463 1260 606 1300 fluctus
639 1260 786 1300 alarum
817 1262 1000 1299 insistere
1033 1263 1151 1300 remis

161 1318 335 1371 Optastis
353 1350 365 1371 ‚
395 1319 607 1370 facilesque
639 1319 733 1358 deos
764 1318 955 1358 habuistis
973 1350 984 1371 ,
1016 1325 1055 1358 et
1086 1325 1193 1358 artus

70 1383 141 1416 560
160 1376 320 1416 Vidistis
351 1384 502 1416 vestros
528 1377 668 1417 subitis
699 1377 908 1416 flavescere
941 1379 1103 1428 pennis.

161 1435 217 1474 Ne
249 1442 378 1475 tamen
410 1436 474 1475 ille
507 1448 626 1475 canor
657 1435 882 1476 mulcendas
914 1442 1027 1475 natus
1060 1435 1104 1474 ad
1138 1447 1252 1474 aures

161 1493 363 1545 Tantaque
395 1494 466 1533 dos
498 1496 578 1533 oris
610 1494 763 1546 linguae
795 1494 1030 1546 deperderet
1062 1506 1201 1545 usum,

163 1551 334 1604 Virginei
366 1552 496 1592 vultus
528 1559 569 1592 et
598 1565 670 1591 vox
702 1553 870 1592 humana
901 1554 1110 1592 remansit.

220 1612 270 1650 At
300 1611 452 1650 medius
485 1612 696 1662 fratrisque
728 1613 789 1650 sui
821 1617 1068 1662 maestaeque
1101 1611 1247 1650 sororis

72 1676 141 1708 565
163 1670 338 1721 luppiter
369 1682 415 1709 ex
448 1682 572 1721 aequo
604 1669 823 1708 volventem
855 1669 989 1708 dividit
1020 1681 1188 1708 annum:

162 1727 275 1767 Nunc
306 1727 377 1767 dea
396 1760 407 1779 ,
439 1740 651 1779 regnorum
682 1740 827 1767 numen
860 1739 1066 1767 commune
1098 1728 1288 1778 duorum,

164 1787 259 1826 Cum
280 1792 402 1826 matre
425 1793 484 1825 est
504 1786 666 1826 totidem
684 1818 695 1838 ,
726 1787 889 1826 totidem
910 1798 998 1825 cum
1020 1787 1184 1836 coniuge
1203 1797 1379 1824 menses,

162 1844 337 1884 Vertitur
368 1845 562 1897 extemplo
595 1846 712 1884 facies
744 1852 785 1884 et
815 1846 956 1884 mentis
989 1850 1027 1882 et
1058 1846 1161 1896 oris3

162 1902 259 1942 Nam
290 1903 406 1942 modo
438 1915 537 1954 quae
569 1909 722 1955 poterat
752 1902 829 1942 Diti
868 1914 1023 1954 quoque
1061 1908 1205 1941 maesta
1237 1901 1383 1953 videri,

74 1967 144 2001 570
165 1960 280 2000 Laeta
312 1961 406 2001 deae
439 1962 549 2001 frons
581 1968 671 2014 est,
701 1967 745 2000 ut
776 1961 832 2000 sol
857 1993 869 2013 ‚
900 1963 966 2012 qui
999 1966 1127 2000 tectus
1159 1961 1315 2011 aquosis

163 2019 343 2059 Nubibus
374 2026 462 2060 ante
495 2021 570 2060 suit
588 2051 600 2072 ‚
630 2022 743 2060 victis
775 2032 796 2058 e
827 2018 998 2058 nubibus
1030 2020 1132 2058 exit.

222 2077 352 2129 Exigit
383 2078 482 2117 alma
514 2079 663 2131 Ceres,
695 2083 783 2117 nata
815 2089 954 2117 secura
987 2083 1167 2129 recepta,

165 2136 271 2182 Quae
292 2135 363 2176 tibi
383 2148 497 2176 causa
519 2137 632 2188 fugae
651 2168 663 2189 ,
695 2148 766 2176 cur
798 2138 851 2175 sis
865 2168 876 2188 ,
895 2136 1113 2188 Arethusa,
1133 2147 1244 2174 sacer
1263 2135 1348 2174 fons
1364 2132 1385 2172 ‘1²

165 2194 401 2234 Conticuere
433 2195 560 2234 undae
579 2227 590 2246 ,
622 2206 790 2245 quarum
823 2194 892 2233 dea
926 2194 1085 2233 sustulit
1115 2194 1191 2232 alto

74 2258 143 2291 575
163 2252 286 2292 Fonte
318 2259 464 2305 caput,
495 2253 717 2304 viridesque
749 2264 865 2292 manu
898 2254 1040 2292 siccata
1073 2251 1231 2304 capillos

162 2309 353 2351 Fluminis
383 2311 469 2351 Elei
501 2317 653 2351 veteres
685 2313 856 2351 narravit
887 2323 1062 2352 amores.
