1527 2580
556 137 661 183 XIII,
691 141 872 173 162—233
888 165 896 173 .
1043 149 1166 173 umus
1305 135 1385 177 261

169 247 366 300 Plenaque
401 248 526 288 adhuc
559 256 642 288 erat
674 248 735 288 illa
769 250 889 287 viris.
929 248 1132 287 interritus
1165 248 1225 298 egi

170 306 293 353 Quam
325 307 418 346 mihi
452 307 652 346 mandarat
684 308 901 346 communis
935 306 1095 345 Graecia
1128 317 1308 356 causam,

82 373 150 405 200
170 367 400 417 Accusoque
432 365 548 404 Parin
582 365 842 417 praedamque
875 364 1141 416 Helenamque
1174 375 1361 415 reposco,

169 423 218 463 Et
249 436 384 463 moveo
417 424 614 463 Priamum
645 424 878 475 Priamoque
911 424 1107 463 Antenora
1138 425 1337 462 iunctum.

169 484 218 521 At
248 482 359 521 Paris
391 489 431 522 et
463 483 603 522 fratres
635 489 675 522 et
706 484 772 533 qui
805 494 971 534 rapuere
1003 481 1076 521 sub
1109 482 1197 534 illo,

171 540 239 580 Vix
273 547 437 580 tenuere
469 553 608 580 manus
641 562 695 569 —
729 542 806 580 scis
838 541 941 594 hoc,
972 539 1174 580 Menelae!
1208 562 1262 567 —

1180 597 1390 637 nefandas:

170 658 377 709 Primaque
410 658 475 697 lux
508 660 634 698 nostri
665 664 795 698 tecum
828 659 901 698 suit
932 658 995 697 illa
1026 657 1184 709 pericli.

82 724 148 755 205
171 716 301 768 Longa
333 717 483 756 referre
517 729 625 756 mora
657 724 718 756 est
749 729 847 768 quae
880 717 1122 768 consilioque
1154 726 1350 767 manuque

169 775 326 815 Utiliter
359 776 433 814 feci
465 777 625 827 spatiosi
659 782 833 827 tempore
866 775 979 814 belli.

169 834 264 874 Post
294 835 398 873 acies
429 836 574 886 primas
607 833 717 873 urbis
749 846 790 873 se
823 833 1027 873 moenibus
1059 833 1193 872 hostes

171 892 410 932 Continuere
443 892 508 931 diu
527 924 539 946 ‚
571 905 644 932 nec
676 894 799 944 aperti
833 894 943 944 copia
975 892 1109 931 Martis

171 951 253 991 Ulla
285 952 387 990 suit:
419 951 570 990 decimo
604 951 759 990 demum
791 952 1048 1002 pugnavimus
1081 962 1205 988 anno.

83 1017 150 1049 210
171 1009 272 1056 Quid
305 1010 400 1049 sacis
432 1011 605 1062 interea,
639 1011 706 1061 qui
737 1009 821 1062 nil,
852 1011 927 1048 nisi
958 1009 1135 1061 proelia,
1167 1005 1312 1047 nosti?

171 1068 267 1114 Quis
299 1073 390 1107 tuus
422 1080 519 1107 usus
552 1065 675 1107 erat?
707 1080 795 1107 nam
827 1069 860 1107 si
891 1079 977 1107 mea
1010 1068 1108 1106 sacta
1140 1067 1335 1118 requiriS,

170 1126 359 1166 Hostibus
391 1126 555 1166 insidior
574 1159 585 1180 ‚
617 1127 741 1166 fossas
774 1128 990 1165 munimine
1022 1127 1159 1178 cingo,

171 1185 360 1225 Consolor
393 1186 520 1224 socios
538 1217 550 1238 ‚
581 1191 626 1224 ut
656 1185 761 1236 longi
793 1185 919 1225 taedia
950 1184 1040 1224 belli

171 1244 299 1283 Mente
332 1244 460 1283 serant
491 1243 669 1295 placida:
701 1243 823 1282 doceo
842 1275 853 1296 ‚
886 1255 963 1294 quo
996 1245 1118 1282 simus
1151 1242 1276 1282 alendi

84 1309 150 1341 215
171 1302 435 1354 Armandique
461 1302 606 1355 mod03
638 1304 772 1342 mittor
791 1334 802 1355 ,
834 1314 911 1353 quo
944 1301 1116 1354 postulat
1147 1313 1265 1341 usus.

171 1361 274 1401 Ecce
305 1361 406 1400 lovis
437 1363 619 1414 monitu,
651 1361 838 1413 deceptus
870 1362 1036 1412 imagine
1070 1361 1220 1412 somni,

172 1420 255 1459 Rex
285 1419 396 1459 iubet
426 1421 573 1471 incepti
605 1431 739 1459 curam
771 1419 968 1458 dimittere
999 1419 1113 1458 belli.

171 1478 240 1518 llle
270 1483 402 1530 potest
431 1484 591 1517 auctore
623 1490 735 1517 suam
766 1478 978 1517 defendere
1010 1489 1166 1516 vocem.

172 1537 258 1576 Non
290 1538 392 1576 sinat
421 1536 497 1576 hoc
528 1537 622 1576 Aiax
640 1568 652 1590 ‚
684 1536 926 1588 delendaque
959 1535 1147 1588 Pergama
1179 1539 1337 1587 poscat,

86 1602 152 1634 220
173 1595 364 1647 Quodque
390 1600 549 1648 potest,
580 1601 756 1647 pugnet.
789 1607 860 1634 cur
886 1607 964 1634 non
990 1599 1212 1633 remoratur
1237 1589 1398 1632 ituros?

174 1654 253 1694 Cur
278 1666 356 1693 non
383 1665 489 1692 arma
515 1655 647 1706 capit,
673 1654 766 1706 dat,
792 1653 896 1705 quod
924 1665 1015 1704 vaga
1041 1652 1156 1692 turba
1177 1648 1398 1703 sequatur?

173 1712 260 1751 Non
291 1717 377 1751 erat
406 1711 481 1750 hoc
507 1713 671 1750 nimium
697 1723 910 1763 numquam
936 1713 1011 1750 nisi
1037 1722 1174 1762 magna
1200 1710 1398 1761 loquenti.

176 1770 296 1822 [Quid
329 1770 433 1822 quod
466 1775 505 1809 et
536 1772 620 1821 ipse
653 1768 792 1821 sugit?
823 1769 930 1822 vidi,
961 1770 1180 1821 puduitque
1214 1769 1369 1819 videre,

174 1829 273 1869 Cum
303 1834 347 1868 tu
379 1834 486 1880 terga
518 1828 631 1867 dares
663 1829 947 1879 inhonestaque
979 1828 1062 1868 vela
1092 1839 1275 1880 parares.

86 1893 153 1925 225
173 1888 255 1928 Nec
285 1899 423 1940 mora,
455 1884 580 1938 “quid
613 1887 738 1927 facitis
757 1885 779 1926 Ῥ
811 1899 909 1938 quae
941 1899 1009 1925 vos
1042 1882 1252 1926 dementia'
1285 1885 1364 1924 dixi

175 1944 398 1998 ‘Concitat,
430 1957 452 1984 o
484 1947 581 1985 socii
598 1977 609 1998 ‚
641 1951 792 1997 captam
825 1945 1021 1984 dimittere
1054 1941 1246 1984 Troiam?

176 2005 326 2051 Quidve
353 2005 511 2044 domum
538 2005 649 2044 sertis
675 2005 826 2043 decimo
845 2035 856 2057 ‚
890 2005 965 2043 nisi
997 2004 1168 2043 dedecus
1187 2034 1198 2056 ,
1230 2014 1331 2042 anno
1345 1999 1398 2041 ⁴?''

175 2062 334 2102 Talibus
365 2068 482 2114 atque
514 2063 626 2115 aliis,
658 2064 698 2101 in
731 2075 829 2114 quae
863 2062 973 2101 dolor
1004 2063 1088 2114 ipse
1120 2063 1311 2101 disertum

175 2121 367 2173 Fecerat,
399 2133 555 2160 aversos
586 2122 751 2173 profuga
783 2121 831 2160 de
863 2121 986 2160 classe
1018 2121 1180 2160 reduxi.

90 2187 156 2219 230
176 2179 374 2219 Convocat
404 2178 560 2218 Atrides
592 2181 720 2218 socios
752 2185 905 2218 terrore
937 2184 1145 2231 paventes:

175 2238 256 2278 Nec
287 2237 583 2277 Telamoniades
614 2239 729 2277 etiam
762 2250 867 2277 nunc
898 2237 1051 2278 hiscere
1083 2239 1292 2290 quicquam

175 2296 331 2336 Audet.
352 2301 391 2335 at
421 2307 540 2336 ausus
572 2301 657 2335 erat
687 2308 800 2348 reges
832 2298 1031 2336 incessere
1063 2297 1177 2336 dictis

176 2354 408 2407 Thersites,
440 2356 557 2394 etiam
586 2366 658 2406 per
689 2367 750 2394 me
782 2354 885 2395 haud
916 2357 1075 2408 impune
1095 2387 1106 2409 ,
1137 2355 1331 2407 protervis
1346 2353 1373 2406 .]
