1538 2496
110 115 196 157 210
360 126 488 149 morus
661 109 873 145 METAMM
888 136 897 145 .

227 224 307 264 Nec
339 223 485 263 Lucina
515 225 646 272 potest
675 221 864 271 parientis
895 231 989 258 voce
1020 221 1179 259 vocari.

227 283 375 322 Nitenti
407 287 534 319 tamen
568 284 628 318 est
660 278 824 330 similis,
856 283 1092 329 curvataque
1125 277 1285 317 crebros

228 341 299 380 Dat
330 341 497 391 gemitus
530 336 646 376 arbor
664 368 675 389 ,
707 337 955 388 lacrimisque
989 336 1217 376 cadentibus
1250 341 1386 376 umet.

140 407 207 440 510
230 399 412 438 Constitit
443 396 489 435 ad
521 407 650 434 ramos
683 396 787 434 mitis
819 394 964 434 Lucina
998 395 1204 446 dolentes,

228 457 484 506 Admovitque
516 465 654 493 manus
687 460 726 493 et
757 453 875 492 verba
905 465 1100 505 puerpera
1133 453 1258 493 dixit.

228 514 354 554 Arbor
387 514 465 565 agit
494 514 613 552 rimas
646 518 684 551 et
715 513 805 551 fissa
837 513 983 551 cortice
1015 513 1146 551 vivum

227 573 370 612 Reddit
401 584 529 623 onus;
561 572 741 622 vagitque
773 583 902 622 puer:
934 582 1050 621 quem
1081 569 1264 609 mollibus
1295 569 1428 610 herbis

228 631 369 670 Naides
401 632 616 682 inpositum
648 629 818 668 lacrimis
850 641 999 668 unxere
1030 631 1234 680 parentiS.

141 698 206 729 515
228 689 423 728 Laudaret
454 690 592 727 faeiem
624 687 740 727 Livor
772 699 957 738 quoque.
996 687 1123 738 qualia
1155 699 1324 738 namque

229 748 401 799 Corpora
433 748 631 786 nudorum
662 745 793 784 tabula
824 747 1041 796 pinguntur
1072 745 1290 798 Amorum,

228 806 331 845 Talis
364 811 476 844 erat:
509 805 577 844 sed
596 837 606 856 ‚
638 817 687 843 ne
721 805 836 842 saciat
867 804 1092 842 discrimina
1124 803 1284 857 cultus,

227 866 306 903 Aut
334 864 427 903 huic
459 864 556 902 adde
588 863 721 915 leves,
753 867 820 901 aut
850 862 905 900 illi
937 862 1049 901 deme
1079 862 1285 913 pharetras
1303 892 1313 902 .

227 922 391 962 Labitur
423 922 575 961 occulte
608 921 783 972 fallitque
815 920 982 959 volatilis
1014 926 1149 973 aetas,

141 990 208 1022 520
228 981 278 1020 Et
308 980 405 1020 nihil
437 986 498 1019 est
528 982 639 1018 annis
670 979 872 1018 velocius.
910 978 974 1017 ille
1007 990 1143 1017 sorore

229 1040 352 1078 Natus
384 1051 532 1090 avoque
565 1050 666 1090 suo,
698 1039 766 1088 qui
798 1036 979 1076 conditus
1011 1036 1150 1075 arbore
1183 1049 1338 1090 nuper,

229 1098 363 1149 Nuper
396 1103 480 1136 erat
511 1098 698 1148 genitus,
731 1096 846 1134 modo
879 1096 1187 1134 formosissimus
1218 1096 1346 1135 infans
1364 1127 1375 1148 ,

229 1157 309 1194 Iam
340 1157 492 1195 iuvenis
511 1187 522 1207 ‚
553 1156 630 1193 iam
660 1156 720 1193 vir
738 1185 749 1205 ,
779 1156 856 1192 iam
888 1166 929 1192 se
962 1154 1171 1192 formosior
1201 1155 1287 1206 ipso
1320 1159 1409 1195 est:

230 1215 310 1253 Iam
340 1214 469 1265 placet
500 1219 540 1251 et
569 1212 741 1263 Veneri,
773 1213 989 1262 matrisque
1020 1211 1226 1251 ulciscitur
1257 1213 1390 1263 ignes.

142 1282 208 1313 5‘25
229 1273 404 1323 Namque
436 1271 686 1322 pharetratus
718 1270 811 1309 dum
843 1270 908 1308 dat
938 1282 1038 1321 puer
1069 1269 1203 1309 oscula
1234 1273 1372 1324 matri,

230 1332 382 1370 Inscius
414 1331 562 1368 extanti
593 1329 803 1368 destrinxit
833 1328 1052 1367 harundine
1082 1334 1245 1380 pectuS.

229 1389 351 1428 Laesa
382 1400 500 1427 manu
531 1393 666 1426 natum
699 1387 769 1426 dea
801 1387 1000 1438 reppulit.
1040 1387 1155 1426 altius
1187 1393 1318 1426 aetum

230 1447 380 1486 Vulnus
413 1452 498 1485 erat
529 1447 658 1497 specie
678 1477 689 1497 ‚
720 1447 926 1496 primoque
958 1445 1151 1484 fefellerat
1180 1447 1329 1497 ipsam.

233 1506 351 1558 Capta
382 1506 456 1544 viri
486 1505 611 1543 forma
643 1516 722 1542 non
754 1505 829 1542 iam
862 1503 1069 1554 Cythereia
1101 1509 1213 1542 curat

143 1573 211 1605 630
232 1565 365 1603 Litora
383 1595 394 1616 ,
425 1575 505 1602 non
537 1563 612 1601 alto
645 1563 790 1613 repetit
819 1561 981 1612 Paphon
1013 1573 1184 1613 aequore
1217 1563 1384 1602 cinctam

231 1623 511 1672 Piscosamque
538 1620 714 1672 Gnidon,
741 1619 986 1671 gravidamve.
1008 1620 1245 1660 Amathunta
1270 1621 1460 1661 metallis:

232 1681 414 1720 Abstinet
446 1686 484 1719 et
516 1679 652 1719 caelo:
685 1679 791 1718 caelo
823 1679 1048 1730 praefertur
1079 1678 1248 1719 Adonis.

232 1740 346 1779 Hunc
377 1744 515 1791 tenet,
547 1738 639 1776 huic
672 1749 803 1776 comes
836 1742 925 1776 est:
966 1743 1200 1789 assuetaque
1233 1750 1390 1790 semper
1450 1782 1453 1783 ⁷

1003 1811 1103 1843 ‘N
1249 1797 1292 1836 in
1321 1797 1460 1837 umbra

233 1855 442 1907 indulgere
475 1855 550 1895 sibi
580 1855 824 1905 formamque
857 1866 1000 1906 augere
1032 1854 1220 1907 colendo,

147 1922 213 1955 535
234 1915 311 1954 Per
342 1917 431 1966 iuga
450 1945 461 1966 ,
492 1926 563 1965 per
596 1913 708 1952 silvas
741 1913 981 1964 dumosaque
1014 1925 1104 1951 saxa
1135 1918 1296 1965 vagatur

234 1973 330 2011 Fine
362 1985 486 2024 genus
518 1978 668 2011 vestem
698 1973 778 2010 ritu
810 1973 1010 2011 succincta
1040 1971 1208 2023 Dianae;

236 2031 502 2081 Hortaturque
536 2043 652 2070 canes
670 2062 681 2083 ,
712 2034 899 2081 tutaeque
932 2029 1110 2069 animalia
1140 2030 1332 2083 praedae,

237 2090 314 2127 Aut
344 2102 489 2140 pronos
521 2090 704 2142 lepores,
736 2094 803 2128 aut
835 2088 982 2127 celsum
1014 2089 1054 2128 in
1087 2100 1235 2128 cornua
1266 2101 1450 2143 cervum,

238 2148 315 2186 Aut
345 2149 463 2197 agitat
494 2148 695 2187 dammas:
726 2159 747 2186 a
779 2147 948 2186 sortibus
980 2146 1151 2186 abstinet
1180 2149 1308 2201 apris,

147 2213 218 2247 540
238 2206 508 2257 Raptoresque
540 2206 653 2257 lupos
685 2211 933 2257 armatosque
966 2205 1164 2257 unguibus
1193 2217 1310 2245 ursos

243 2263 342 2303 Vitat
373 2269 412 2302 et
444 2266 610 2302 armenti
642 2270 836 2304 saturatos
868 2264 985 2303 caede
1016 2265 1174 2304 leones.
1287 2313 1293 2317 ἱ

240 2322 294 2361 Te
321 2334 502 2375 quoque,
534 2328 578 2361 ut
602 2322 674 2361 hos
699 2324 860 2376 timeas,
893 2322 1021 2374 siquid
1052 2321 1241 2375 prodesse
1267 2323 1461 2362 monendo
