1538 2496
118 113 205 156 224
374 125 501 149 rannus
667 109 881 146 METAMM
894 137 903 146 .

234 223 518 273 Dissimilisque
550 221 612 260 sui
643 220 805 258 fratrem
836 218 994 270 lugebat
1024 217 1272 271 ademptum.

236 282 321 328 Quo
352 286 559 333 postquam
590 278 777 317 Aeacides
809 278 937 316 fessus
970 289 1143 328 curaque
1174 278 1313 328 viaque

149 348 215 381 275
236 340 378 391 Venit,
410 345 449 378 et
479 338 639 377 intravit
669 338 804 388 paucis
837 335 1116 375 comitantibus
1146 335 1310 387 urbem,

236 399 420 449 Quosque
459 407 597 448 greges
635 407 846 448 pecorum,
886 406 984 446 quae
1023 406 1158 434 secum
1195 399 1371 433 armenta

1258 451 1458 505 trahebat,
1529 446 1538 496 ξ

235 514 346 554 Haud
377 512 516 566 procul
548 525 570 552 a
600 514 724 552 muris
757 512 830 552 sub
863 523 983 564 opaca
1013 511 1110 551 valle
1142 511 1326 564 reliquit,

236 573 355 624 Copia
387 584 477 612 cum
509 573 611 611 facta
643 577 702 610 est
735 571 902 610 adeundi
933 572 1059 622 prima
1091 571 1269 622 tyranni,

235 631 458 670 Velamenta
490 642 607 670 manu
638 630 901 682 praetendens
932 629 1109 681 supplice
1127 661 1139 681 ,
1171 630 1239 680 qui
1270 629 1344 681 sit,

148 698 215 732 280
237 690 402 741 Quoque
434 695 541 729 satus
560 721 571 742 ‚
603 694 822 729 memorat.
860 693 1014 728 tantum
1045 699 1115 727 sua
1148 688 1311 727 crimina
1343 687 1461 740 celat,

235 749 502 800 Mentiturque
534 749 647 799 fugae
681 759 866 799 causam3
900 747 1028 799 petit,
1059 745 1158 785 urbe
1189 745 1250 785 vel
1281 757 1373 797 agro

238 807 287 846 Se
320 809 456 847 iuvet.
493 806 600 846 hunc
633 811 771 846 contra
800 805 953 857 placido
985 804 1220 844 Trachinius
1252 815 1322 844 ore

236 865 396 905 Talibus
428 865 670 917 alloquitur:
708 861 874 904 ‘mediae
907 875 1064 916 quoque
1096 862 1299 903 commoda
1329 862 1434 915 plebi

236 924 379 964 Nostra
409 929 573 977 patent,
603 923 725 963 Peleu
743 955 754 976 ‚
786 935 860 962 nec
889 923 1087 974 inhospita
1111 933 1234 974 regna
1257 927 1461 962 tenemus.

149 990 217 1023 285
237 983 369 1022 Adicis
399 983 493 1022 huic
525 984 653 1021 animo
685 987 883 1021 momenta
913 983 1089 1033 potentia
1107 1012 1118 1034 ,
1149 980 1299 1020 clarum

236 1042 389 1081 Nomen
414 1053 606 1093 avumque
626 1040 756 1080 Iovem
776 1071 784 1080 .
823 1052 872 1080 ne
898 1046 1075 1092 tempora
1099 1039 1220 1092 perde
1245 1039 1464 1091 precando:

239 1099 353 1146 Quod
371 1101 494 1153 petis,
515 1112 629 1139 omne
650 1100 776 1138 feres.
803 1104 948 1151 tuaque
968 1099 1065 1138 haec
1083 1110 1156 1150 pro
1175 1103 1287 1150 parte
1306 1103 1465 1151 vocato,

239 1158 547 1210 Qualiacumque
578 1157 686 1198 vides
706 1188 715 1197 .
752 1159 903 1198 utinam
933 1157 1095 1196 meliora
1126 1156 1280 1196 videres
1298 1152 1326 1196 l'

237 1216 288 1257 Et
318 1211 437 1257 flebat
455 1248 464 1256 .
502 1221 656 1256 moveat
685 1221 814 1256 tantos
847 1227 947 1268 quae
979 1227 1097 1255 causa
1127 1215 1305 1268 dolores,

151 1283 220 1317 290
239 1276 460 1327 Peleusque
493 1276 736 1327 comitesque
768 1280 908 1327 rogant
927 1306 936 1314 .
975 1273 1118 1326 quihus
1149 1273 1213 1314 ille
1244 1273 1447 1326 profatur:

239 1332 436 1374 ‘Forsitan
466 1334 567 1374 hanc
597 1333 799 1373 volucrem
817 1366 828 1387 ‚
860 1339 971 1386 rapto
1004 1345 1104 1385 quae
1136 1333 1229 1372 vivit
1260 1338 1300 1372 et
1329 1344 1465 1372 omnes

239 1393 382 1432 Terret
412 1405 502 1432 aves
520 1425 532 1446 ‚
565 1404 722 1445 semper
752 1404 902 1445 pennas
933 1391 1118 1431 habuisse
1148 1392 1319 1444 putetis,

241 1451 326 1502 [Vir
358 1452 459 1491 fuit.
498 1457 538 1491 et
567 1456 676 1491 tanta
707 1457 769 1490 est
798 1452 917 1490 animi
948 1451 1166 1490 constantia
1183 1481 1195 1503 ,
1227 1449 1435 1502 quantum]

238 1510 377 1550 Frater
409 1515 494 1550 erat
523 1509 705 1561 belloque
738 1510 849 1549 ferox
881 1509 927 1548 ad
959 1510 1115 1561 vimque
1147 1513 1331 1562 paratus,

152 1576 219 1609 295
250 1568 416 1608 Nomine
449 1567 659 1608 Daedalion
677 1599 689 1620 ‚
719 1568 785 1607 illo
817 1570 995 1620 genitore
1027 1573 1207 1620 creatus,

241 1627 317 1674 Qui
347 1633 460 1667 vocat
491 1639 673 1666 auroram
706 1626 892 1678 caeloque
924 1627 1160 1666 novissimus
1192 1627 1294 1666 exit.

240 1685 353 1726 Culta
384 1685 480 1725 mihi
510 1698 585 1738 pax
617 1691 706 1738 est,
737 1687 845 1737 pacis
876 1685 972 1725 mihi
1003 1697 1097 1725 cura
1127 1684 1320 1724 tenendae

240 1744 498 1796 Coniugiique
532 1745 634 1784 suit:
666 1745 779 1784 fratri
810 1745 893 1783 sera
923 1743 1024 1783 bella
1053 1743 1281 1796 placebant.

239 1803 347 1843 Illius
378 1805 503 1843 virtus
535 1815 649 1854 reges
681 1809 898 1854 gentesque
931 1802 1115 1856 subegit,

153 1870 221 1903 300
242 1862 348 1908 Quae
382 1874 487 1901 nunc
519 1861 732 1901 Thisbaeas
764 1863 883 1913 agitat
914 1866 1063 1901 mutata
1094 1861 1317 1902 columbas.

239 1920 337 1959 Nata
370 1926 454 1960 erat
484 1921 576 1960 huic
609 1919 758 1960 Chione
777 1952 788 1972 ‚
821 1932 919 1971 quae
952 1920 1195 1959 dotatissima
1226 1921 1351 1960 forma

240 1979 343 2018 Mille
375 1991 517 2031 procos
548 1978 686 2019 habuit
703 2010 714 2032 ,
746 1978 806 2018 bis
838 1984 990 2030 septem
1020 1978 1165 2018 nubilis
1197 1980 1331 2019 annis.

240 2037 357 2076 Forte
390 2043 636 2077 revertentes
667 2037 850 2077 Phoebus
881 2037 1059 2089 Maiaque
1091 2043 1272 2091 creatus,

241 2095 309 2134 Ille
341 2097 422 2135 suis
454 2096 643 2149 Delphis,
673 2096 738 2136 hic
768 2097 917 2136 vertice
951 2095 1157 2150 Cylleneo,

154 2161 221 2194 305
241 2153 382 2193 Videre
414 2154 514 2194 hanc
545 2157 721 2208 pariter,
752 2156 901 2207 pariter
932 2160 1088 2195 tiaxere
1120 2155 1311 2196 calorem.

243 2211 362 2263 Spem
393 2215 547 2252 veneris
580 2214 711 2253 differt
740 2216 781 2254 in
814 2220 991 2266 tempora
1022 2215 1151 2254 noctis
1182 2214 1343 2266 Apollo:

242 2270 329 2309 Non
361 2271 439 2311 fert
469 2270 532 2310 ille
564 2284 693 2312 moras
713 2305 724 2326 ‚
755 2275 941 2324 virgaque
973 2278 1155 2313 movente
1186 2284 1369 2326 soporem

243 2328 413 2382 Virginis
445 2341 488 2369 os
521 2332 671 2382 tangit.
709 2337 816 2371 tactu
849 2334 949 2372 iacet
979 2332 1043 2372 illa
1073 2334 1248 2386 potenti,
