1507 2580
569 104 584 138 1
603 132 611 148 ‚
640 107 825 139 326—399
842 130 849 138 .
985 116 1181 140 naucum&
1322 106 1368 144 11

154 211 185 252 O
218 214 366 252 utinam
397 224 553 264 possem
584 213 748 265 populos
781 225 963 265 reparare
994 215 1168 264 paternis

153 270 313 310 Artibus
344 277 461 322 atque
493 273 639 310 animas
671 273 856 311 formatae
889 272 1096 311 infundere
1129 271 1280 311 terrae!

66 337 134 369 365
155 329 268 369 Nunc
300 341 424 380 genus
456 331 496 368 in
528 329 641 369 nobis
672 337 795 369 restat
826 330 988 370 mortale
1020 329 1199 382 dunbus3

155 388 218 427 Sic
233 389 359 427 visum
373 393 434 427 est
446 390 625 440 superis:
644 388 925 441 hominumque
946 389 1120 440 exempla
1135 400 1336 427 manemus
1351 383 1375 427 .'

154 446 340 499 Dixerat,
372 452 411 486 et
442 446 614 486 ssebant.
646 447 793 499 placuit
824 448 990 487 caeleste
1022 449 1177 499 precari

153 505 305 544 Numen
324 537 335 558 ‚
368 511 407 545 et
437 506 623 544 auxilium
655 519 726 557 per
758 519 887 545 sacras
920 518 1110 557 quaerere
1142 511 1291 544 sortes.

152 563 265 603 Nulla
297 575 406 602 mora
438 570 527 616 est,
559 564 705 603 adeunt
734 566 884 616 pariter
917 565 1143 616 Cephisidas
1170 563 1317 616 undas,

65 629 133 662 370
152 621 204 661 Ut
234 622 408 661 nondum
440 622 606 674 liquidas
625 655 636 675 ,
662 625 718 662 sic
750 625 826 662 iam
858 624 951 662 vada
983 630 1074 663 nota
1106 627 1307 662 secantes.

153 680 246 720 Inde
278 680 347 720 ubi
378 680 518 720 libatos
549 683 777 721 inroravere
808 682 982 733 liquores

152 739 334 779 Vestibus
366 745 406 779 et
437 741 583 792 capiti,
614 741 779 780 ssectunt
809 742 971 792 vestigia
1002 746 1157 780 sanctae

152 797 208 836 Ad
241 797 403 837 delubra
435 798 530 838 deae
549 831 560 851 ‚
592 812 761 850 quorum
793 801 944 851 fastigia
977 801 1083 850 turpi

151 856 352 896 Pallebant
381 869 517 896 musco
549 857 782 909 stabantque
813 860 897 897 sine
929 858 1085 909 ignibus
1117 870 1228 897 arae.

64 923 131 954 375
153 914 204 954 Ut
234 915 369 967 templi
402 917 568 967 tetigere
600 916 744 967 gradus
763 948 774 969 ,
806 916 1030 968 procumbit
1062 922 1230 967 uterque

151 973 306 1014 Pronus
338 973 478 1027 humi,
509 974 715 1026 gelidoque
748 987 893 1027 pavens
926 975 1034 1014 dedit
1064 974 1197 1013 oscula
1229 985 1346 1014 saxo.

152 1034 278 1084 Atque
310 1033 364 1072 ita
397 1030 445 1071 ‘si
476 1030 676 1084 precibus’
709 1034 894 1073 dixerunt
925 1030 1100 1072 ‘numina
1131 1034 1248 1072 iustis

153 1090 260 1130 Victa
292 1091 576 1131 remollescunt
593 1124 605 1145 ‚
637 1094 669 1131 si
701 1092 872 1132 flectitur
903 1094 961 1131 ira
994 1092 1182 1144 deorum,

152 1149 221 1189 Dic
240 1182 251 1202 ‚
281 1150 450 1203 Themi,
482 1162 558 1201 qua
597 1153 753 1202 generis
786 1151 969 1190 damnum
1002 1149 1220 1202 reparabile
1252 1150 1378 1189 nostri

65 1215 132 1248 380
152 1210 245 1247 Arte
278 1210 357 1261 sit,
390 1215 428 1248 et
459 1211 600 1248 mersis
631 1210 691 1248 ser
723 1222 866 1263 opem,
899 1210 1132 1261 mitissima,
1164 1207 1284 1247 rebus
1299 1204 1323 1246 .'

150 1267 253 1306 Mota
285 1266 356 1306 dea
387 1274 448 1306 est
479 1274 705 1319 sortemque
737 1268 872 1320 dedit,
906 1265 1110 1306 ‘discedite
1143 1266 1312 1318 templo,

151 1325 202 1364 Et
231 1326 355 1365 velate
388 1333 534 1380 caput,
565 1328 792 1378 cinctasque
824 1325 1008 1365 resolvite
1041 1332 1194 1376 vestes,

152 1384 328 1436 Ossaque
359 1390 450 1436 post
479 1391 636 1437 tergum
667 1397 828 1437 magnae
860 1386 1000 1424 iactate
1032 1385 1208 1436 parentis
1221 1379 1246 1423 .'

152 1443 389 1496 Obstipuere
421 1443 512 1496 diu,
543 1446 770 1496 rumpitque
801 1443 957 1483 silentia
988 1455 1081 1482 voce

64 1509 132 1541 385
152 1501 301 1554 Pyrrha
331 1504 441 1554 prior
459 1534 470 1555 ,
500 1504 698 1554 iussisque
731 1503 826 1542 deae
856 1514 997 1555 parere
1029 1507 1212 1554 recusat,

152 1560 302 1612 Detque
335 1560 410 1600 sibi
440 1564 592 1601 veniam
611 1593 622 1615 ,
653 1561 791 1613 pavido
823 1567 935 1613 rogat
965 1573 1034 1600 ore
1053 1592 1064 1613 ,
1095 1565 1287 1612 pavetque

151 1619 323 1659 Laedere
354 1621 507 1660 iactatis
538 1626 735 1659 maternas
766 1619 921 1660 ossibus
952 1618 1136 1659 umbras.

152 1678 308 1718 Interea
339 1684 526 1730 repetunt
558 1681 685 1718 caecis
717 1678 885 1718 obscura
916 1678 1076 1717 latebris

151 1736 277 1776 Verba
309 1737 420 1776 datae
452 1740 570 1777 sortis
603 1750 738 1777 secum
755 1770 767 1791 ‚
798 1740 902 1777 inter
934 1748 1056 1787 seque
1087 1735 1288 1774 volutant:

64 1803 132 1835 390
152 1795 262 1834 Unde
294 1795 568 1836 Promethides
599 1796 761 1848 placid1s
792 1795 1038 1847 Epimethida
1072 1794 1187 1833 dictis

151 1854 296 1894 Mulcet
327 1860 366 1894 et
398 1851 480 1894 ‘aut
511 1852 639 1894 fallax'
672 1858 726 1894 ait
757 1853 834 1894 ‘est
864 1854 1036 1893 sollertia
1068 1852 1206 1905 nobis,

152 1914 230 1952 Aut
258 1915 323 1965 pia
354 1919 447 1953 sunt
478 1914 707 1966 nullumque
740 1914 849 1953 nefas
882 1911 1039 1952 oracula
1070 1911 1258 1950 suadent.

151 1972 287 2024 Magna
317 1984 461 2024 parens
493 1979 598 2012 terra
630 1979 719 2012 est:
750 1971 897 2023 lapides
928 1973 969 2010 in
1001 1982 1167 2022 corpore
1200 1976 1329 2009 terrae

152 2031 250 2070 Ossa
281 2043 372 2069 reor
403 2031 510 2070 dici:
541 2033 669 2070 iacere
701 2031 772 2069 hos
803 2035 893 2082 post
923 2035 1033 2081 terga
1065 2028 1249 2068 iubemur
1263 2025 1288 2067 .’

63 2096 131 2128 395
153 2089 338 2141 Coniugis
370 2091 533 2141 augurio
566 2101 801 2141 quamquam
827 2089 979 2128 Titania
1010 2093 1115 2127 mota
1147 2093 1229 2140 est,

152 2149 251 2201 Spes
277 2154 407 2187 tamen
439 2150 479 2187 in
511 2148 630 2187 dubio
663 2154 752 2187 est:
784 2147 880 2187 adeo
912 2145 1148 2186 caelestibus
1180 2145 1292 2185 ambo

152 2207 341 2246 Diffidunt
372 2208 531 2246 monitis
551 2238 560 2246 .
592 2206 659 2246 sed
695 2206 786 2258 quid
820 2212 1011 2258 temptare
1043 2202 1236 2244 nocebit?

151 2265 406 2306 Descendunt
436 2265 642 2317 velantque
675 2271 792 2317 caput
822 2267 1054 2316 tunicasque
1085 2266 1294 2316 recingunt

151 2324 200 2365 Et
231 2326 360 2364 iussos
386 2324 533 2374 lapides
565 2337 635 2364 sua
666 2330 756 2375 post
786 2325 948 2374 vestigia
979 2324 1163 2363 mittunt.
