1507 2580
586 105 626 150 1,
654 110 862 141 549—622.
1083 120 1118 141 ιο
1340 107 1389 147 17

172 216 229 254 Αη
262 217 314 255 sit
344 215 445 267 apud
479 228 611 254 manes
631 247 640 256 .
678 216 745 255 sed
780 228 895 267 quam
927 227 1005 254 non
1038 217 1184 255 invenit
1206 228 1393 270 usquam,

171 273 268 313 Esse
300 280 411 326 putat
443 286 636 326 nusquam
669 281 784 326 atque
817 276 944 313 animo
977 276 1108 325 peiora
1141 283 1320 313 veretur.

172 332 330 371 Viderat
359 344 382 372 a
411 335 538 384 patrio
571 333 801 372 redeuntem
836 334 1009 385 luppiter
1041 333 1143 372 illam

173 391 351 430 Flumine
383 397 424 431 et
455 389 493 430 ‘o
525 393 632 442 virgo
667 392 753 430 love
785 392 900 443 digna
934 398 1079 441 tuoque
1113 392 1268 432 beatum

86 456 156 490 590
176 449 316 489 Nescio
350 462 467 501 quem
501 451 650 489 factura
682 457 768 489 toro
788 482 799 502 ,
832 448 935 502 pete’
967 451 1119 489 dixerat
1151 449 1324 490 ‘umbras

172 509 349 547 Altorum
372 521 576 548 nemorum
594 506 620 561 ,'
648 515 687 548 et
707 521 910 548 nemorum
933 516 1216 548 monstraverat
1237 510 1394 550 umbras

174 565 289 606 ‘Dum
323 567 423 606 calet
453 574 493 606 et
525 567 651 606 medio
685 567 741 606 sol
774 574 835 607 est
866 569 1077 607 altissimus
1109 569 1230 608 orbe.

174 625 321 672 Quodsi
354 626 435 665 sola
467 628 582 665 times
614 626 782 665 latebras
813 628 959 665 intrare
994 628 1191 679 serarum,

172 684 356 724 Praeside
391 691 472 724 tuta
505 685 577 724 deo
610 697 816 724 nemorum
849 692 1000 724 secreta
1033 686 1206 737 subibis,

82 750 152 783 595
174 743 254 782 Nec
286 743 333 782 de
365 743 478 795 plebe
510 744 583 782 deo
604 775 615 796 ,
647 744 715 782 sed
748 746 815 795 qui
848 745 1028 783 caelestia
1061 757 1194 796 magna

174 802 337 854 Sceptra
371 815 486 841 manu
519 809 664 855 teneo,
695 803 762 841 sed
796 805 862 854 qui
894 815 986 854 vaga
1019 803 1176 841 fulmina
1212 804 1345 843 mitto.

173 861 229 900 Ne
265 862 354 912 fuge
387 858 494 900 me!'
528 861 701 912 fugiebat
733 864 836 901 enim
859 893 867 901 .
906 864 979 901 iam
1013 874 1153 913 pascua
1189 861 1338 901 Lernae

176 919 412 970 Consitaque
446 919 653 958 arboribus
685 919 830 971 Lyrcea
864 921 1077 971 reliquerat
1109 932 1220 970 arva,

175 978 274 1018 Cum
306 979 403 1017 deus
436 979 595 1017 inducta
621 979 716 1017 latas
749 979 913 1030 caligine
947 986 1072 1018 terras

86 1045 154 1076 600
174 1037 358 1076 Occuluit
389 1040 594 1089 tenuitque
627 1039 757 1089 sugam
790 1039 997 1089 rapuitque
1030 1037 1243 1089 pudorem.

174 1096 326 1135 Interea
360 1096 509 1135 medios
541 1096 637 1135 luno
670 1097 848 1148 despexit
879 1099 917 1135 in
945 1098 1068 1148 Argos
1087 1129 1098 1148 ,

174 1154 221 1194 Et
256 1157 383 1194 noctis
417 1156 554 1194 faciem
588 1154 751 1194 nebulas
784 1157 926 1194 secisse
959 1155 1138 1194 volucres

175 1213 256 1252 Sub
292 1214 414 1252 nitido
447 1216 583 1252 mirata
617 1214 709 1266 die,
742 1226 819 1252 non
852 1214 1023 1252 [luminis
1055 1214 1138 1252 illas

173 1271 270 1311 Esse
290 1303 301 1324 ,
334 1284 406 1311 nec
438 1274 588 1311 umenti
620 1275 745 1311 sensit
776 1273 916 1311 tellure
950 1274 1127 1323 remitti,

86 1338 152 1369 605
174 1332 299 1382 Atque
339 1343 434 1370 suus
467 1333 637 1370 coniunx
676 1331 743 1370 ubi
783 1333 862 1383 sit,
895 1332 1192 1383 circumspicit,
1222 1336 1266 1370 ut
1299 1343 1396 1382 quae

174 1390 366 1441 Deprensi
400 1391 544 1428 totiens
576 1392 652 1428 iam
684 1396 818 1429 nosset
850 1390 953 1429 furta
986 1391 1138 1429 mariti.

174 1448 299 1494 Quem
332 1456 538 1500 postquam
572 1448 677 1487 caelo
710 1461 788 1487 non
821 1450 1025 1502 repperit,
1057 1446 1139 1487 ‘ant
1170 1461 1242 1500 ego
1265 1448 1397 1501 fallor,

174 1508 251 1546 Aut
281 1520 352 1559 ego
387 1505 532 1546 laedor’
566 1509 648 1560 ait,
679 1507 914 1559 delapsaque
948 1507 994 1546 ab
1026 1508 1183 1546 aethere
1217 1519 1368 1546 summo

174 1565 355 1605 Constitit
389 1568 428 1604 in
463 1568 580 1605 terris
600 1598 610 1618 ,
642 1566 883 1617 nebulasque
916 1566 1103 1605 recedere
1137 1568 1272 1604 iussit.

87 1632 153 1664 610
174 1624 359 1676 Coniugis
392 1625 599 1664 adventum
633 1631 936 1677 praesenserat,
967 1627 1086 1675 inque
1121 1626 1308 1663 nitentem

174 1684 379 1723 Inachidos
412 1684 542 1723 vultus
575 1691 792 1723 mutaverat
823 1684 886 1723 ille
918 1686 1143 1722 iuvencam.
1300 1691 1397 1718 nix.

173 1742 251 1781 Bos
283 1755 440 1793 quoque
474 1743 642 1781 formosa
676 1750 763 1782 est.
803 1745 974 1794 speciem
1014 1742 1195 1780 Saturnia
1237 1753 1398 1794 vaccae,

175 1801 418 1852 Quamquam
440 1803 557 1840 invita
576 1834 587 1853 ‚
620 1801 759 1853 probat
792 1814 864 1840 nec
885 1813 962 1840 non
984 1807 1023 1839 et
1042 1803 1154 1839 cuius
1175 1832 1185 1850 ,
1211 1806 1250 1839 et
1273 1800 1399 1854 unde,

176 1860 310 1906 Quove
343 1863 396 1899 sit
427 1866 603 1900 armento
623 1892 634 1912 ,
665 1862 746 1899 veri
779 1862 890 1911 quasi
923 1861 1053 1898 nescia
1087 1860 1261 1910 quaerit.

87 1926 154 1958 615
175 1919 350 1971 luppiter
382 1932 403 1958 e
435 1925 539 1958 terra
571 1922 740 1971 genitam
775 1920 963 1957 mentitur
982 1950 992 1970 ,
1024 1925 1067 1957 ut
1099 1925 1234 1956 auctor

175 1978 335 2017 Desinat
365 1979 541 2029 inquiri.
580 1981 679 2030 petit
711 1978 810 2034 liapc
843 1978 1024 2016 Saturnia
1056 1989 1223 2016 munus.

177 2036 278 2082 Quid
313 2035 467 2076 saciat?
499 2037 657 2076 crudele
677 2069 688 2088 ,
721 2049 812 2075 suos
846 2037 1025 2075 addicere
1058 2047 1240 2087 amores;

175 2095 262 2134 Non
294 2096 387 2134 dare
407 2127 418 2145 ,
449 2104 677 2147 suspectum
698 2126 707 2134 .
746 2096 872 2147 pudor
904 2102 964 2134 est
997 2096 1063 2146 qui
1084 2094 1244 2133 suadeat
1270 2094 1397 2144 illinc,

175 2153 276 2193 Hinc
308 2154 507 2193 dissuadet
538 2167 647 2193 amor
666 2185 676 2194 .
714 2156 839 2193 victus
873 2154 999 2205 pudor
1031 2160 1136 2192 esset
1168 2165 1321 2192 amore:

88 2221 156 2253 620
177 2212 254 2252 Sed
281 2213 364 2252 leve
397 2216 428 2252 si
462 2226 604 2252 munus
636 2215 764 2252 sociae
796 2215 1030 2265 generisque
1064 2214 1219 2263 torique

177 2271 297 2311 Vacca
331 2279 571 2324 negaretur,
602 2278 756 2324 poterat
787 2284 864 2311 non
896 2284 1010 2311 vacca
1042 2271 1187 2312 videri.

174 2330 327 2370 Paelice
360 2332 499 2370 donata
532 2343 610 2370 non
642 2333 823 2379 protinus
856 2333 964 2370 exuit
995 2341 1151 2369 omnem

129 2396 245 2424 ovm.
265 2398 317 2424 11.
1099 2403 1119 2418 n

1101 2421 1118 2428 ..a
