1507 2580
572 120 585 154 I
607 147 615 164 ,
642 123 825 154 30-103.
963 132 1071 153 anns
1098 132 1208 154 AUREA
1344 119 1367 159 3

149 231 252 271 Haec
284 242 403 282 super
434 231 608 281 inposuit
645 229 834 280 liquidum
878 235 917 267 et
953 230 1139 280 gravitate
1173 235 1366 266 carentem

149 290 316 329 Aethera
348 300 419 327 nec
453 289 662 339 quicquam
695 294 873 326 terrenae
907 288 1025 326 faecis
1057 286 1287 325 habentem.

150 348 220 388 Vix
251 349 304 387 ita
335 346 524 386 limitibus
557 346 818 398 dissaepserat
851 347 978 384 omnia
1004 347 1147 397 certis,

86 415 130 447 '0¹0
151 407 249 446 Cum
268 438 279 459 ,
311 417 410 458 quae
443 417 579 457 pressa
610 405 676 443 diu
704 417 829 443 massa
862 405 1009 443 latuere
1043 403 1114 443 sub
1140 403 1227 455 illa,

150 465 286 505 Sidera
319 470 536 516 coeperunt
566 469 647 502 toto
682 464 938 502 effervescere
965 462 1095 502 caelo.

149 523 234 564 Neu
266 524 374 575 regio
407 524 509 562 soret
539 521 616 561 ulla
648 524 730 561 suis
762 521 1023 560 animantibus
1055 520 1173 572 orba,

151 584 264 622 Astra
296 588 433 621 tenent
465 581 631 620 caeleste
666 580 791 619 solum
825 581 1050 631 formaeque
1083 579 1269 630 deorum,

152 641 367 680 Cesserunt
398 640 532 679 nitidis
564 639 795 678 habitandae
822 638 998 690 piscibus
1031 637 1182 688 undae,

87 708 130 740 ⁷5
150 699 273 739 Terra
305 700 408 738 seras
440 700 572 751 cepit,
604 698 783 737 volucres
816 697 1006 748 agitabilis
1039 700 1126 735 εἴη.

151 758 334 798 Sanctius
366 757 426 796 his
458 757 600 796 animal
633 758 854 807 mentisque
887 757 1067 807 capacius
1099 755 1196 793 altae

152 816 294 856 Deerat
324 816 450 855 adhuc
468 848 479 868 ‚
511 822 550 855 et
582 815 685 866 quod
718 815 910 853 dominari
942 816 980 852 in
1013 819 1143 852 cetera
1175 818 1330 864 posset.

152 875 274 914 Natus
305 875 421 913 homo
455 881 543 913 est:
576 876 655 913 sive
687 873 791 912 hunc
824 873 952 911 divino
986 873 1133 911 semine
1166 872 1258 909 fecit

152 933 218 973 llle
251 934 381 985 opifex
413 944 546 972 rerum
565 964 576 985 ‚
607 932 743 971 mundi
775 931 946 970 melioris
979 932 1112 982 origo,

87 1001 132 1032 80
154 992 242 1032 Sive
275 1003 414 1031 recens
446 991 562 1030 tellus
595 990 834 1041 seductaque
867 1000 993 1040 nuper
1026 988 1072 1026 ab
1105 988 1180 1026 alto

152 1050 319 1090 Aethere
352 1051 510 1102 cognati
541 1048 736 1088 retinebat
768 1049 916 1087 semina
948 1047 1067 1099 caeli,

154 1109 279 1155 Quam
310 1115 418 1148 satus
450 1108 580 1159 Iapeto
614 1109 773 1146 mixtam
804 1105 1024 1146 fluvialibus
1056 1105 1171 1144 undis

156 1168 286 1207 Finxit
317 1169 357 1206 in
389 1167 560 1218 effigiem
585 1166 860 1204 moderantum
892 1170 1033 1204 cuncta
1065 1163 1252 1215 deorum;

153 1226 360 1277 Pronaque
392 1237 482 1265 cum
513 1230 694 1277 spectent
725 1223 902 1263 animalia
933 1228 1064 1261 cetera
1095 1228 1264 1272 terram,

90 1293 134 1325 85
156 1284 209 1324 Os
241 1285 389 1323 homini
421 1283 586 1323 sublime
619 1282 755 1335 dedit,
788 1281 1016 1332 caelumque
1041 1280 1173 1319 videre

155 1343 276 1383 Iussit
306 1349 346 1382 et
377 1348 531 1382 erectos
563 1341 610 1380 ad
642 1341 770 1380 sidera
803 1340 940 1379 tollere
972 1339 1125 1378 vultus.

159 1401 245 1452 [Sic
263 1433 275 1454 ‚
306 1401 422 1441 modo
455 1412 554 1452 quae
588 1400 716 1439 fuerat
747 1398 857 1438 rudis
878 1404 917 1437 et
937 1400 1020 1437 sine
1040 1399 1206 1448 imagine
1226 1429 1236 1449 ‚
1264 1397 1376 1436 tellus

155 1460 285 1499 Induit
314 1461 466 1512 ignotas
497 1459 701 1498 hominum
733 1469 920 1497 conversa
953 1457 1097 1508 figuras
1112 1455 1139 1506 .]
1303 1464 1331 1489 f.
1351 1464 1375 1490 ί.

214 1519 342 1558 Aurea
373 1520 499 1570 prima
525 1524 607 1557 sata
639 1523 699 1556 est
731 1522 865 1569 aetas,
897 1527 996 1567 quae
1028 1514 1180 1553 vindice
1214 1513 1318 1553 nullo

91 1587 136 1618 90
157 1577 306 1629 Sponte
339 1589 409 1616 sua
427 1608 438 1629 ‚
469 1578 553 1615 sine
586 1576 670 1627 lege
704 1575 819 1614 fidem
851 1580 1083 1625 rectumque
1116 1572 1288 1612 colebat.

157 1635 287 1675 Poena
319 1641 528 1687 metusque
560 1634 751 1687 aberant=
783 1646 856 1672 nec
888 1632 1006 1672 verba
1031 1633 1196 1670 minacia
1228 1631 1302 1669 fixo

156 1695 257 1734 Aere
288 1694 519 1746 legebantur
537 1725 549 1746 ,
580 1705 653 1732 nec
686 1692 852 1744 supplex
883 1691 997 1731 turba
1031 1689 1192 1729 timebat

158 1753 300 1792 Iudicis
336 1765 404 1792 ora
435 1754 496 1791 sui
514 1784 526 1805 ,
558 1751 626 1791 sed
659 1757 772 1790 erant
803 1752 886 1789 sine
918 1749 1071 1788 vindice
1103 1750 1201 1787 tuti.

156 1811 338 1851 Nondum
377 1823 488 1851 caesa
529 1812 610 1849 suis
630 1842 641 1863 ,
672 1810 926 1861 peregrinum
964 1812 1008 1846 ut
1045 1808 1190 1846 viseret
1221 1806 1380 1860 orbem,

91 1878 136 1910 95
156 1869 354 1909 Montibus
386 1871 426 1908 in
457 1868 623 1920 liquidas
654 1870 771 1920 pinus
804 1866 1061 1906 descenderat
1092 1865 1240 1918 undas,

157 1928 348 1980 Nullaque
380 1928 566 1967 mortales
598 1933 755 1979 praeter
787 1938 857 1965 sua
888 1925 1002 1964 litora
1034 1930 1197 1963 norant.

156 1987 338 2026 Nondum
368 1987 604 2039 praecipites
637 1984 845 2036 cingebant
875 1982 1016 2035 oppida
1047 1983 1199 2022 fossae:

156 2045 243 2084 Non
275 2045 368 2085 tuba
399 2045 568 2098 directi,
600 2056 679 2083 non
711 2044 812 2082 aeris
844 2054 991 2081 cornua
1022 2040 1135 2093 flexi,

156 2104 243 2143 Non
274 2103 404 2155 galeae
423 2135 435 2156 ,
466 2115 545 2143 non
577 2104 684 2142 ensis
716 2107 856 2140 erant:
888 2102 972 2140 sine
1005 2099 1138 2138 militis
1170 2111 1245 2138 usu

71 2171 138 2203 100
157 2162 285 2202 Mollia
316 2174 478 2201 securae
510 2160 748 2213 peragebant
779 2161 855 2198 otia
887 2164 1046 2211 gentes.

159 2221 248 2274 Ipsa
279 2233 436 2273 quoque
468 2221 653 2259 immunis
685 2224 891 2269 rastroque
923 2219 1068 2256 intacta
1100 2229 1173 2256 nec
1204 2215 1293 2255 ullis

159 2279 298 2319 Saucia
329 2278 553 2318 vomeribus
585 2290 657 2330 per
689 2289 731 2316 se
763 2276 878 2316 dabat
909 2277 1038 2315 omnia
1070 2275 1211 2327 tellus3

158 2337 421 2390 Contentique
454 2337 551 2377 cibis
584 2336 691 2376 nullo
725 2340 889 2388 cogente
922 2335 1064 2374 creatis

1053 2400 1100 2434 1*

1092 2489 1110 2509 ἱ
