1527 2580
581 109 629 144 ul
646 136 654 152 ,
680 113 888 145 362—434.
1023 123 1204 146 nanc-isses
1346 111 1398 153 57

184 216 263 256 Vox
296 223 454 257 manet:
485 229 570 256 ossa
604 219 735 258 ferunt
768 219 903 286 lapidis
931 220 1093 258 traxisse
1122 220 1304 270 liguram.

99 284 165 315 400
185 274 297 326 [lnde
329 275 422 315 latet
454 275 559 315 silvis
592 277 774 328 nulloque
808 279 846 316 in
880 283 1009 317 monte
1042 276 1220 322 videtui-3

185 333 376 373 Omnibus
408 334 592 373 auditur.
632 347 752 375 sonus
779 342 866 388 est,
899 338 965 387 qui
997 337 1089 375 vivit
1120 338 1159 375 in
1192 336 1253 374 illa
1269 335 1295 386 .]

244 391 309 431 Sic
340 391 468 445 hanc,
494 394 550 431 sic
583 392 674 432 alias
707 393 821 433 undIs
854 400 919 434 aut
951 393 1148 434 montibus
1181 400 1284 433 ortas

186 449 350 490 Luserat
379 450 443 490 hic
475 451 692 504 nymphas,
725 454 781 491 sic
813 458 948 492 coetus
981 458 1068 492 ante
1101 452 1254 492 viriles.

184 507 276 548 lnde
310 520 447 548 manus
479 509 618 560 aliquis
650 509 857 562 despectus
891 511 935 549 ad
969 511 1125 550 aethera
1157 510 1297 550 tollens

97 574 162 606 405
185 564 266 606 ‘Sic
299 573 401 607 amet
431 569 514 619 ipse
547 567 666 620 licet,
693 570 748 607 sic
779 581 855 608 non
888 571 1059 620 potiatur
1091 575 1214 608 amato
1231 566 1255 608 !’

184 624 371 665 Dixerat:
404 627 570 665 assensit
600 626 784 678 precibus
816 627 1053 667 Rhamnusia
1084 629 1220 666 iustis.

185 682 288 723 Fons
320 690 404 723 erat
435 684 608 737 inlimis,
641 685 773 724 nitidis
806 692 1016 737 argenteus
1048 685 1186 738 undis,

185 740 311 788 Quem
343 754 470 793 neque
503 749 680 794 pastores
712 756 839 795 neque
872 751 1003 796 pastae
1036 752 1167 783 monte
1200 742 1367 794 capellae

185 799 438 851 Contigerant
469 801 620 840 aliudve
652 814 772 853 pecus
791 834 802 854 ‚
835 814 950 853 quem
983 802 1087 841 nulla
1118 801 1287 840 volucris

97 866 164 897 410
184 858 264 897 Nec
297 859 379 898 fera
413 859 587 898 turbarat
619 872 691 899 nec
718 860 849 911 lapsus
881 860 927 899 ab
960 860 1099 899 arbore
1131 871 1286 899 ramus.

184 916 352 956 Gramen
385 923 468 956 erat
500 919 604 957 circa
622 949 632 970 ,
666 919 769 969 quod
801 920 1002 970 proximus
1035 930 1147 957 umor
1179 917 1327 968 alebat,

185 974 365 1026 Silvaque
397 975 478 1014 sole
511 976 639 1015 locum
671 988 833 1027 passura
864 982 1067 1028 tepescere
1099 976 1228 1015 nullo.

184 1032 255 1072 Hic
286 1045 386 1084 puer
417 1039 457 1073 et
488 1034 617 1074 studio
649 1034 814 1075 venandi
845 1035 970 1074 lassus
1003 1041 1042 1074 et
1073 1040 1182 1073 aestu

184 1090 429 1144 Procubuit,
462 1092 678 1143 faciemque
710 1093 785 1132 loci
818 1093 1044 1144 fontemque
1077 1097 1258 1132 secutus.

97 1157 162 1189 415
185 1149 382 1201 [Dumque
415 1152 519 1190 sitim
552 1151 687 1190 sedare
720 1152 850 1203 cupit,
873 1153 959 1190 sitis
990 1151 1110 1190 altera
1142 1149 1304 1199 crevit.]

185 1208 363 1260 Dumque
395 1208 522 1262 bibit,
554 1210 656 1248 visae
689 1215 894 1261 correptus
920 1211 1086 1260 imagine
1113 1210 1259 1248 formae

185 1265 325 1318 [Spem
357 1268 441 1306 sine
468 1279 633 1319 corpore
661 1274 790 1320 amat,
822 1280 966 1319 corpus
1004 1273 1116 1318 putat
1154 1278 1239 1306 esse
1259 1298 1270 1318 ‚
1302 1264 1404 1317 quod

926 1325 1063 1364 umbra
1094 1331 1154 1365 est
1167 1324 1194 1375 .]

185 1383 376 1436 Adstupet
407 1385 490 1436 ipse
523 1383 597 1423 sibi
615 1416 626 1437 ‚
658 1384 845 1435 vultuque
878 1386 1049 1423 inmotus
1081 1383 1218 1423 eodem

183 1441 357 1495 Haeret,
388 1448 433 1482 ut
464 1455 484 1482 e
518 1442 630 1482 Pario
663 1443 872 1482 formatum
904 1454 1096 1481 marmore
1130 1444 1305 1493 signum.

97 1508 165 1541 420
186 1500 346 1552 Spectat
377 1500 485 1540 humi
517 1502 668 1552 positus
700 1502 899 1552 geminum
918 1533 929 1553 ,
961 1513 1030 1540 sua
1068 1500 1213 1539 lumina
1232 1531 1243 1551 ‚
1276 1498 1405 1552 sidus,

184 1558 233 1598 Et
264 1559 401 1611 dignos
433 1559 584 1598 Baccho
604 1591 615 1612 ,
647 1559 784 1611 dignos
816 1565 856 1599 et
886 1559 1062 1611 Apolline
1095 1560 1247 1610 crines,

185 1617 434 1670 inpubesque
466 1629 584 1670 genas
602 1649 613 1671 ‚
645 1624 685 1657 et
715 1617 888 1657 eburnea
920 1617 1016 1657 colla
1035 1649 1046 1670 ,
1077 1617 1276 1667 decusque

186 1676 304 1729 Oris,
337 1682 376 1716 et
406 1678 446 1715 in
480 1678 591 1715 niveo
624 1677 788 1716 mixtum
821 1675 988 1715 candore
1021 1675 1230 1726 ruborem;

186 1734 413 1786 Cunctaque
446 1736 610 1774 miratur
629 1766 640 1788 ‚
672 1734 815 1786 quibus
847 1740 908 1774 est
938 1733 1126 1773 mirabilis
1158 1735 1266 1784 ipse.

98 1801 163 1832 425
186 1793 234 1833 Se
268 1795 375 1845 cupit
406 1793 621 1845 inprudens
654 1798 693 1832 et
723 1794 790 1844 qui
822 1792 961 1844 probat
978 1823 989 1845 ,
1020 1794 1103 1844 ipse
1136 1790 1347 1843 probatur,

185 1852 364 1903 Dumque
396 1854 522 1905 petit,
553 1853 700 1903 petitur
720 1883 731 1904 ,
762 1853 986 1903 pariterque
1007 1850 1185 1890 accendit
1204 1855 1243 1888 et
1273 1849 1403 1889 ardet.

185 1910 300 1950 Irrita
333 1910 456 1950 fallaci
489 1912 670 1961 quotiens
702 1910 809 1949 dedit
840 1908 971 1948 oscula
1004 1908 1123 1948 sonti!

185 1968 228 2008 ln
260 1969 406 2008 medias
438 1970 620 2020 quotiens
652 1970 777 2008 visum
810 1969 1000 2019 captantia
1034 1966 1175 2006 collum

185 2027 372 2067 Bracchia
403 2029 540 2067 mersit
570 2039 689 2078 aquas
707 2059 718 2079 ,
751 2039 823 2066 nec
855 2038 896 2065 se
929 2025 1135 2077 deprendit
1165 2027 1205 2064 in
1236 2023 1334 2064 illisl

98 2094 166 2125 430
187 2085 288 2132 Quid
319 2085 475 2138 videat,
509 2087 661 2125 nescit:
692 2085 760 2125 sed
793 2084 896 2137 quod
929 2084 1060 2137 videt,
1091 2085 1220 2124 uritur
1240 2083 1328 2135 illo,

186 2144 313 2196 Atque
345 2143 479 2184 oculos
512 2144 643 2196 idem,
677 2145 743 2195 qui
775 2143 947 2196 decipit,
980 2144 1116 2182 incitat
1147 2155 1281 2182 error.

186 2202 353 2242 Credule
372 2234 383 2255 ‚
416 2203 507 2254 quid
542 2203 688 2242 frustra
720 2202 926 2242 simulacra
958 2202 1108 2253 fugacia
1140 2198 1305 2253 captas?

186 2260 298 2307 Quod
312 2262 438 2314 petis,
458 2267 518 2300 est
532 2272 747 2312 nusquam.
768 2260 870 2312 quod
886 2272 1009 2313 amaS‚
1030 2265 1226 2312 avertere,
1240 2259 1402 2311 perdes.

185 2319 263 2359 Ista
294 2331 579 2373 repercussae,
611 2331 725 2370 quam
758 2320 916 2371 cernis,
948 2320 1126 2370 imaginis
1158 2317 1295 2358 umbra
1322 2322 1403 2356 est:
