1527 2580
544 137 653 182 XIII,
683 141 816 174 18—91
834 165 841 172 .
1015 150 1097 172 aux
1271 135 1354 178 257

67 256 111 288 55
133 248 199 287 llle
232 254 360 287 tamen
393 249 514 300 vivit,
547 249 634 298 quia
669 260 745 286 non
779 248 975 286 comitavit
1007 245 1172 286 Ulixen.

134 305 263 346 Mallem
295 312 334 346 et
364 306 496 345 infelix
529 305 753 345 Palamedes
786 318 872 345 esse
904 305 1087 358 relictus,

71 373 114 404 58
136 364 262 410 Quem
294 364 392 403 male
426 366 592 403 convicti
625 366 786 403 nimium
820 376 969 403 memor
1000 365 1073 403 iste
1107 364 1250 403 suroris

134 422 307 462 Prodere
340 434 423 462 rem
456 423 623 462 Danaam
657 424 763 462 tinxit
783 455 793 475 ‚
826 423 1036 473 fictumque
1069 422 1246 474 probavit

69 490 113 521 60
134 481 290 521 Crimen
324 488 363 521 et
394 482 594 533 ostendit,
627 481 728 532 quod
763 483 836 520 iam
870 481 1145 534 praefoderat,
1177 493 1338 520 aurum.

132 539 236 591 Ergo
269 546 335 579 3111
367 540 480 579 exilio
514 542 616 579 vires
649 540 832 579 subduxit
867 540 1044 591 Achivis,

133 600 210 637 Aut
242 611 338 638 nece
358 631 366 638 .
405 600 461 637 sic
493 605 667 650 pugnat,
701 600 756 637 sic
789 604 847 637 est
880 598 1114 638 metuendus
1145 598 1298 637 Ulixes.

134 656 211 702 Qui
243 657 333 696 licet
366 656 520 708 eloquio
554 657 671 695 fidum
705 668 860 707 quoque
894 656 1058 695 Nestora
1090 659 1240 709 vincat,

133 714 244 754 llaud
277 721 406 754 tamen
440 716 611 768 efficiet,
645 715 843 754 desertum
876 721 919 753 ut
950 715 1115 754 Nestora
1150 717 1296 754 crimen

70 781 113 813 65
134 772 230 813 Ε550
263 786 352 812 1031
385 773 564 813 nullum:
598 775 663 824 qui
696 785 785 812 cum
817 773 1044 825 imploraret
1078 773 1215 813 Ulixen

134 831 303 871 Vulnere
336 832 470 871 tardus
504 834 594 883 equi
627 832 832 883 fessusque
867 832 1055 872 senilibus
1088 834 1222 885 annis,

133 889 317 930 Proditus
350 903 370 929 a
403 892 507 930 socio
541 896 627 930 est.
668 903 744 929 non
777 890 872 929 haec
905 890 998 929 1111111
1031 892 1192 930 0111111113
1225 891 1314 942 fingi

136 948 219 988 Scit
251 948 350 988 bene
383 949 582 1001 Tydides,
615 951 680 1000 qui
713 950 868 987 nomine
903 961 1016 1000 saepe
1051 955 1228 988 vocatum

135 1006 365 1060 Corripuit,
398 1007 629 1059 trepidoque
662 1007 793 1058 sugam
826 1006 1071 1059 exprobravit
1105 1009 1251 1047 3111100.

71 1072 115 1106 70
135 1066 339 1117 Aspiciunt
370 1065 493 1105 oculis
525 1067 658 1117 superi
690 1065 866 1104 mortalia
899 1067 1035 1105 iustis:

135 1123 194 1162 En
228 1130 315 1175 eget
347 1124 487 1163 auxilio
507 1155 518 1177 ‚
551 1126 617 1175 qui
650 1136 726 1163 non
760 1124 875 1176 tulit;
907 1130 1028 1175 utque
1060 1124 1241 1177 reliquit,

137 1181 201 1221 Sic
233 1182 469 1233 linquendus
502 1189 613 1221 erat:
645 1182 769 1234 legem
802 1182 874 1221 sibi
907 1183 1057 1221 dixerat
1088 1184 1194 1234 ipse.

137 1239 361 1279 Conclamat
392 1243 547 1280 socios.
587 1240 722 1280 adsum
741 1272 752 1293 ‚
784 1241 974 1292 videoque
1008 1247 1240 1280 trementem

135 1298 428 1350 Pallentemque
460 1305 566 1338 metu
600 1305 638 1338 et
670 1299 929 1350 trepidantem
962 1305 1087 1338 morte
1121 1300 1274 1339 futura.

72 1365 115 1397 75
137 1357 312 1409 Opposui
343 1358 485 1397 molem
519 1357 632 1409 clipei
666 1359 823 1408 texique
856 1359 1072 1410 iacentem,

138 1415 374 1467 Servavique
407 1418 573 1455 animam
606 1437 660 1443 —
693 1417 897 1455 minimum
929 1421 988 1455 est
1019 1416 1092 1455 11οο
1124 1415 1248 1455 laudis
1281 1437 1335 1444 —

1168 1476 1359 1514 inertem.

138 1532 178 1572 Si
210 1538 363 1584 perstas
396 1539 547 1573 certare
566 1565 577 1586 ‚
609 1533 737 1572 locum
769 1532 975 1572 redeamus
1001 1533 1040 1571 in
1072 1532 1204 1572 illum:

135 1590 269 1630 Redde
300 1591 453 1631 hostem
484 1591 705 1643 vulnusque
744 1597 854 1630 11111111
888 1591 1122 1642 solitumque
1155 1593 1358 1645 timorem,

136 1648 231 1689 Post
262 1649 509 1701 clipeumque
541 1650 616 1689 late
635 1681 646 1702 ‚
678 1656 717 1689 et
748 1661 902 1688 mecum
941 1649 1133 1688 contende
1166 1649 1238 1689 sub
1270 1649 1357 1689 illo.

73 1715 118 1746 80
138 1708 186 1746 At
216 1714 422 1759 postquam
456 1709 612 1760 eripui,
645 1709 708 1746 cui
741 1707 867 1746 standi
898 1707 1059 1746 vulnera
1091 1709 1194 1747 vires

137 1765 222 1804 Non
255 1765 472 1818 dederant,
504 1766 609 1805 nullo
643 1765 817 1805 tardatus
849 1765 1010 1805 vulnere
1043 1765 1164 1817 sugit.

138 1824 283 1864 Hector
314 1824 453 1878 adest,
484 1836 696 1875 secumque
729 1824 822 1863 deos
854 1825 893 1862 in
925 1823 1071 1875 proelia
1104 1823 1235 1865 ducit:

138 1882 300 1934 Quaque
333 1884 441 1935 ruit,
474 1895 551 1922 non
584 1888 624 1922 tu
658 1888 808 1922 tantum
841 1884 1005 1921 terreris
1023 1914 1034 1934 ‚
1065 1881 1199 1935 Ulixe,

138 1940 215 1980 Sed
248 1942 369 1981 sortes
401 1943 546 1981 etiam:
578 1946 729 1980 tantum
761 1940 879 1980 1131111
910 1940 974 1979 1110
1006 1941 1180 1980 timoris.

74 2008 117 2039 85
137 1999 251 2038 Hunc
283 2011 354 2051 ego
387 2001 622 2051 sanguineae
654 2011 840 2039 successu
874 1999 1004 2038 caedis
1036 2005 1214 2038 ovantem

138 2057 301 2097 Eminus
332 2059 480 2109 ingenti
511 2059 739 2110 resupinum
772 2057 944 2109 pondere
977 2057 1082 2097 sudi:

138 2115 253 2155 Hunc
284 2127 356 2167 ego
387 2122 614 2168 poscentem
633 2148 644 2169 ‚
677 2128 765 2155 cum
800 2128 874 2167 quo
908 2122 1193 2170 concurreret,
1224 2128 1328 2157 unus

139 2175 346 2214 Sustinui:
378 2180 604 2226 sortemque
636 2186 760 2214 meam
793 2175 981 2227 vovistis,
1012 2174 1170 2229 Achivi,

137 2232 187 2272 Et
217 2239 368 2272 vestrae
400 2232 555 2275 valuere
587 2245 752 2285 preces.
791 2234 822 2272 si
855 2233 1042 2284 quaeritis
1074 2233 1191 2273 huius

73 2299 119 2332 90
138 2290 350 2331 Fortunam
382 2303 563 2344 pugnae,
595 2303 673 2330 non
705 2303 792 2330 sum
823 2297 1030 2343 superatus
1061 2291 1107 2331 ab
1139 2292 1227 2331 illo.

138 2349 240 2389 Ecce
273 2348 405 2390 serunt
436 2350 558 2389 Troes
590 2349 818 2402 ferrumque
850 2351 1057 2402 ignemque
1090 2350 1298 2402 Iovemque

90 2421 207 2450 ovn).
226 2422 279 2449 11.
1032 2420 1074 2451 17
