1527 2580
626 121 675 155 XI
689 148 698 166 ,
726 119 910 156 641—713
926 147 933 155 .
1072 132 1227 156 Anci-omn
1366 120 1449 162 235

229 231 329 270 Voce
362 243 431 270 sua
463 231 672 282 specieque
704 231 776 270 viri
808 229 962 270 turbata
997 242 1180 281 soporem

228 290 414 329 Excutit:
446 295 485 328 et
516 291 641 340 primo
660 321 671 341 ‚
704 291 737 328 si
769 291 848 342 sit,
880 291 1148 340 circumspicit
1178 289 1281 342 illic,

229 349 303 396 Qui
336 348 449 387 modo
483 350 588 386 visus
622 354 732 387 erat.
772 360 860 386 nam
893 350 988 387 moti
1020 360 1112 387 voce
1146 349 1316 387 ministri

141 407 445 447 6801ntulerant
477 407 607 446 lumen
628 438 636 445 .
675 412 882 458 postquam
915 419 993 446 non
1026 408 1173 446 invenit
1204 419 1391 458 usquam,

228 466 407 505 Percutit
438 478 506 504 ora
538 478 684 517 manu,
715 465 909 517 laniatque
943 477 963 504 a
994 472 1155 517 pectore
1186 471 1340 518 vestes,

227 525 470 576 Pectoraque
503 526 586 576 ipsa
619 525 736 563 ferit.
776 536 848 563 nec
881 526 1010 563 crines
1043 524 1193 563 solvere
1226 530 1360 576 curat3

229 583 381 622 Scindit
398 615 410 636 ,
442 589 481 622 et
512 583 667 636 altrici,
700 595 798 634 quae
831 583 960 622 luctus
993 595 1108 622 causa
1126 614 1137 635 ,
1169 584 1323 634 roganti

228 639 356 681 ‘Nulla
388 647 448 680 est
479 641 648 693 Alcyone
667 673 678 694 ,
710 641 815 680 nulla
847 648 907 681 est
926 639 951 681 ξ’
983 644 1036 680 ait
1068 639 1227 681 ‘occidit
1259 653 1334 680 una

140 708 206 740 685
229 700 327 740 Cum
359 700 482 752 Ceyce
515 713 615 739 suo.
655 700 819 740 solantia
851 700 973 740 tollite
1005 699 1152 740 verba!

226 759 446 810 Naufragus
477 760 655 798 interiit.
694 759 772 798 vidi
803 761 1019 811 agnovique
1038 791 1049 811 ‚
1081 770 1298 810 manusque

228 818 284 857 Ad
316 818 583 857 discedentem
602 850 612 870 ,
646 819 808 869 cupiens
840 820 1042 871 retinere,
1074 817 1246 857 tetendi.

228 876 371 916 Umbra
404 878 504 916 fuit.
544 877 612 915 sed
644 882 684 915 et
714 876 853 915 umbra
885 882 1015 916 tamen
1046 876 1252 915 manifesta
1285 876 1433 926 virique

228 935 326 974 Vera
357 937 462 974 mei.
500 947 579 974 non
610 935 673 974 ille
707 935 865 986 quidem
883 966 896 987 ,
926 937 959 974 si
991 936 1147 986 quaeris
1165 966 1177 988 ‚
1207 933 1375 973 habebat

140 1002 207 1034 690
228 994 421 1034 Adsuetos
453 993 582 1033 vultus
601 1025 612 1047 ,
644 1005 717 1033 nec
748 1005 825 1045 quo
856 995 968 1045 prius
986 1024 997 1046 ,
1029 1005 1097 1032 ore
1128 992 1299 1032 nitebat.

227 1053 441 1092 Pallentem
472 1053 701 1104 nudumque
734 1058 774 1092 et
804 1052 937 1092 adhuc·
962 1057 1122 1092 umente
1154 1051 1291 1103 capillo

228 1111 364 1150 Infelix
396 1111 502 1151 vidi.
541 1113 649 1151 stetit
680 1111 755 1150 hoc
786 1110 1018 1151 miserabilis
1049 1112 1135 1162 ipso

227 1170 329 1209 Ecce
361 1167 463 1209 loco'
496 1192 551 1198 -
585 1176 624 1209 et
655 1171 833 1222 quaerit,
864 1171 1026 1221 vestigia
1057 1171 1169 1220 siqua
1201 1172 1421 1221 supersint.

228 1227 327 1268 ‘Hoc
358 1234 471 1281 erat,
503 1228 578 1267 hoc
597 1260 608 1281 ,
638 1230 766 1268 animo
799 1228 903 1279 quod
936 1228 1132 1267 divinante
1164 1227 1371 1279 timebam,

140 1294 206 1327 695
227 1287 277 1327 Et
307 1299 356 1326 ne
375 1319 387 1340 ,
418 1299 480 1327 me
512 1288 666 1338 fugiens
684 1319 696 1340 ,
727 1293 863 1326 ventos
896 1298 1108 1338 sequerere
1126 1318 1138 1339 ,
1169 1286 1376 1338 rogabam.

227 1347 276 1385 At
307 1352 414 1385 certe
446 1345 584 1385 vellem
603 1378 614 1399 ‚
647 1347 831 1397 quoniam
862 1347 1065 1397 periturus
1097 1344 1254 1398 abibas,

228 1404 288 1444 Me
320 1417 475 1456 quoque
508 1404 716 1444 duxisses.
753 1404 922 1443 multum
953 1405 1028 1444 suit
1059 1403 1155 1443 utile
1186 1409 1319 1443 tecum

228 1463 288 1502 Ire
321 1463 416 1502 mihi
435 1494 444 1502 .
482 1475 611 1514 neque
643 1465 747 1502 enim
779 1463 826 1502 de
859 1464 958 1502 vitae
990 1468 1168 1514 tempore
1201 1463 1409 1513 quicquam

227 1521 314 1560 Non
345 1521 462 1562 simul
493 1524 660 1573 egissem
679 1554 690 1575 ,
721 1533 795 1561 nec
827 1533 933 1560 mors
965 1521 1136 1561 discreta
1166 1521 1330 1560 fuisset.

141 1589 208 1620 700
228 1580 342 1619 Nu'nc
361 1580 514 1620 'absens
545 1583 675 1633 perii,
705 1582 829 1619 iactor
862 1592 1018 1631 quoque
1049 1579 1235 1619 fluctibus
1267 1579 1430 1631 absens,

228 1639 278 1678 Et
310 1641 393 1678 sine
425 1645 464 1678 te
496 1651 558 1678 me
590 1644 734 1690 pontus
766 1638 911 1678 habet.
950 1638 1148 1678 crudelior
1179 1640 1266 1690 ipso

230 1697 289 1736 Sit
320 1697 415 1736 mihi
446 1709 557 1736 mens
588 1697 724 1748 pelago
743 1729 755 1750 ,
787 1698 821 1736 si
850 1698 968 1736 vitam
1000 1697 1146 1736 ducere
1177 1698 1281 1735 nitar

229 1755 401 1807 Longius
420 1788 430 1808 ,
463 1761 503 1795 et
533 1761 641 1795 tanto
673 1767 844 1807 pugnem
876 1767 1084 1807 superesse
1117 1754 1265 1794 dolori.

230 1814 307 1853 Sed
339 1826 468 1866 neque
496 1813 677 1866 pugnabo
695 1846 707 1866 ,
738 1826 811 1852 nec
842 1820 904 1866 te,
936 1813 1182 1866 miserande,
1212 1812 1454 1864 relinquam3

142 1881 208 1913 705
228 1872 278 1912 Et
309 1873 380 1912 tibi
411 1885 516 1912 nunc
548 1872 685 1912 saltem
715 1874 868 1911 veniam
896 1884 1028 1911 comes
1049 1903 1058 1912 .
1094 1873 1213 1923 inque
1246 1871 1454 1923 sepulchro

229 1931 271 1970 Si
302 1943 381 1970 non
412 1943 511 1971 urna
529 1963 540 1985 ,
572 1937 702 1970 tamen
733 1933 870 1982 iunget
900 1942 972 1970 nos
1002 1930 1162 1970 littera:
1193 1931 1228 1969 si
1258 1942 1337 1969 non

229 1989 394 2029 Ossibus
425 2002 513 2029 ossa
544 1991 671 2042 meis,
703 1995 742 2029 at
772 2001 915 2028 nomen
948 1991 1104 2028 nomine
1136 1994 1291 2040 tangam
1306 1984 1330 2028 .’

228 2048 345 2087 Plura
377 2049 487 2088 dolor
518 2048 729 2101 prohibet,
760 2048 959 2099 verboque
990 2045 1203 2086 interimit
1233 2048 1341 2086 omni

228 2106 396 2158 Plangor
413 2138 425 2159 ,
456 2112 496 2146 et
527 2108 690 2146 attonito
722 2108 943 2158 gemitus-e
976 2106 1094 2145 corde
1125 2105 1359 2145 trahuntur.

143 2173 209 2204 710
229 2165 341 2204 Mane
373 2170 485 2204 erat.
524 2165 724 2216 egreditur
756 2166 871 2204 tectis
902 2164 949 2204 ad
980 2164 1103 2217 litus,
1134 2169 1175 2204 et
1204 2164 1314 2203 illum

228 2223 374 2263 Maesta
405 2223 535 2263 locum
566 2225 740 2276 repetit,
771 2223 819 2262 de
852 2235 929 2274 quo
962 2228 1158 2275 spectarat
1189 2229 1372 2262 euntem.

231 2281 430 2334 [Dumque
457 2287 633 2321 moratur
658 2281 735 2334 ihi,
767 2281 939 2334 dumque
972 2278 1052 2321 ‘hic
1077 2281 1293 2321 retinacula
1319 2279 1455 2332 solvit,

229 2340 312 2380 Hoc
344 2340 439 2380 mihi
470 2340 677 2380 discedens
709 2339 817 2380 dedit
847 2340 980 2380 oscula
1010 2337 1142 2380 litore'
1174 2339 1271 2378 dixit
1281 2337 1312 2393 ,]
