1527 2580
568 103 619 137 tv
634 131 643 147 ,
674 107 857 138 135—208
873 129 880 138 .
982 116 1087 139 ωε.
1113 117 1223 140 vanua
1331 108 1379 146 71

168 210 239 250 llic
271 211 411 250 vidisse
444 211 540 250 deus
561 243 569 250 .
607 212 710 251 videt
743 212 805 251 liic
838 213 933 251 dens
966 215 1094 252 omnia
1125 216 1294 265 primus.

169 269 338 308 Indoluit
370 271 499 321 sacto,
532 270 870 321 Iunonigenaeque
903 273 1040 310 marito

168 327 287 367 Furta
321 330 394 367 tori
428 330 600 378 furtique
633 329 760 367 locuni
795 332 1050 368 monstravit.
1088 337 1126 369 at
1158 330 1211 369 illi

84 394 147 424 175
167 385 216 425 Et
249 399 357 425 mens
397 394 435 425 et
472 386 576 437 quod
616 399 714 437 opus
756 388 903 426 fabrilis
935 388 1069 427 dextra
1101 388 1279 433 tenebat,

167 443 348 484 Excidit.
387 445 581 495 extemplo
613 446 778 496 graciles
810 459 855 484 ex
888 459 977 485 aere
1010 453 1164 485 catenas

169 502 357 554 Retiaque
389 510 429 542 et
459 503 646 555 laqueos,
680 516 776 554 qnae
810 504 953 543 lumina
987 505 1118 543 fallere
1150 515 1333 557 possent,

167 560 336 600 Elimat.
375 574 453 600 non
486 562 577 600 illud
613 575 710 612 opus
745 565 970 601 tenuissima
1004 565 1159 602 vincant

168 619 339 659 Stamina
359 652 370 671 ,
402 633 478 658 non
512 633 663 659 summo
697 634 794 671 quae
822 622 965 672 pendet
997 634 1134 660 aranea
1167 624 1298 672 tigno:

83 685 147 716 180
166 677 295 728 thue
329 678 432 717 leves
466 687 591 717 tactus
625 687 896 730 momentaque
930 693 1045 731 parva
1077 689 1317 733 sequantur,

164 736 323 789 Efficit,
357 744 395 776 et
427 737 526 775 lecto
559 738 798 776 circumdata
829 738 992 776 collocat
1023 745 1132 790 apte.

165 794 217 834 Ut
248 808 389 834 venere
422 803 552 833 torum
583 798 752 834 coniunx
785 804 824 835 et
854 797 1005 835 adulter
1036 799 1074 835 in
1109 809 1251 847 unum,

165 855 259 892 Arte
292 856 363 892 viri
395 854 609 904 vinclisque
643 867 738 893 nova
771 857 920 893 ratione
952 857 1096 906 paratis

165 911 208 950 ln
243 913 379 950 mediis
411 912 523 950 ambo
555 913 739 963 deprensi
771 913 1012 964 amplexibus
1044 910 1242 952 ham-ems

79 977 144 1008 185
165 969 351 1009 Lemnius
383 971 576 1022 extemplo
610 971 734 1009 valvas
766 972 950 1022 patefecit
982 971 1174 1024 eburnas,

165 1029 408 1080 Admisitque
441 1029 534 1067 deos
555 1060 563 1068 .
595 1029 651 1067 illi
683 1031 837 1068 iacuere
870 1030 976 1080 ligati

165 1087 352 1139 Turpiter
372 1119 381 1127 .
419 1094 534 1138 atque
568 1087 707 1138 aliquis
739 1088 786 1126 de
819 1088 878 1126 dis
911 1101 988 1126 non
1020 1088 1199 1127 tristibus
1232 1097 1336 1140 optat

166 1145 231 1184 Sic
263 1147 347 1184 fieri
378 1148 504 1197 turpis
525 1177 533 1184 .
571 1148 705 1196 superi
737 1148 860 1184 risere
879 1178 890 1198 ‚
923 1147 1068 1197 diuque

165 1203 270 1243 Haec
303 1206 377 1243 fuit
408 1206 446 1242 in
481 1210 560 1242 toto
595 1206 794 1243 notissima
828 1204 954 1244 sabula
987 1205 1115 1244 caelo.

79 1270 146 1301 190
166 1262 296 1314 Exigit
328 1262 460 1301 indicii
492 1275 705 1301 memorem
740 1263 943 1314 Cythereia
975 1276 1164 1316 poenam,

165 1321 287 1372 Inque
320 1323 424 1360 vices
454 1321 562 1360 illum
581 1353 592 1373 ‚
625 1327 749 1360 tectos
782 1324 848 1371 qui
881 1322 992 1360 laesit
1023 1334 1198 1375 amores,

164 1378 300 1418 Laedit
331 1392 462 1418 amore
495 1381 605 1430 pari.
646 1380 737 1430 quid
771 1392 875 1418 nunc
893 1412 904 1432 ‚
936 1380 1158 1430 Hyperione
1191 1387 1302 1431 nate,

164 1438 304 1477 Forma
336 1438 521 1488 colorque
554 1437 624 1476 tibi
657 1438 879 1488 radiataque
911 1438 1055 1477 lumina
1088 1437 1286 1489 prosunt?

164 1496 312 1548 Nempe
340 1498 417 1535 tuis
449 1508 584 1535 omnes
617 1498 684 1547 qui
715 1502 841 1535 terras
874 1496 1028 1548 ignibus
1061 1499 1167 1549 uris,

79 1562 145 1594 195
164 1554 300 1594 Ureris
332 1557 420 1606 igne
454 1567 582 1606 n0v03
615 1557 758 1605 quique
792 1557 920 1593 omnia
953 1567 1115 1594 cernere
1148 1555 1292 1609 debes,

165 1613 416 1652 Leucothoen
449 1621 632 1665 spectas,
665 1620 704 1652 et
736 1615 883 1665 virgine
916 1614 1000 1664 figis
1032 1615 1072 1652 in
1106 1626 1180 1652 una

167 1672 274 1718 Quos
305 1672 449 1711 mundo
483 1672 601 1710 debes
621 1703 631 1723 ‚
664 1671 797 1710 oculos
818 1703 826 1711 .
865 1672 978 1710 modo
1011 1674 1140 1722 surgis
1172 1684 1243 1711 eoo

165 1731 398 1782 Temperius
425 1730 529 1769 caelo
548 1761 559 1783 ‚
591 1730 706 1768 modo
739 1731 866 1769 serius
899 1730 1037 1768 incidis
1071 1730 1209 1783 undis,

166 1789 454 1840 spectandique
487 1801 594 1827 mora
619 1788 814 1827 brumales
847 1790 1014 1839 porrigis
1046 1788 1186 1827 horas:

79 1855 146 1886 200
165 1847 306 1886 Deficis
338 1847 536 1886 interdum
555 1879 565 1899 ,
592 1848 805 1898 vitiumque
839 1849 877 1884 in
910 1847 1054 1885 lumina
1086 1849 1227 1886 mentis

164 1906 350 1958 Transit,
381 1912 422 1945 et
452 1905 645 1944 obscurus
677 1905 852 1944 mortalia
885 1913 1043 1956 pectora
1074 1911 1219 1944 terreS.

164 1964 276 2018 Nec,
307 1963 379 2004 tibi
410 1964 514 2015 quod
546 1964 658 2003 lunae
693 1966 808 2003 terris
840 1965 1034 2014 propioris
1066 1965 1191 2015 imago

166 2023 403 2075 obstiterit,
433 2022 583 2074 palles:
616 2023 707 2061 facit
738 2022 842 2060 hunc
875 2034 982 2060 amor
1013 2023 1087 2061 iste
1114 2022 1307 2061 colorem.

166 2081 300 2132 Diligis
332 2080 431 2120 hanc
469 2093 613 2119 unam.
652 2093 725 2119 nec
763 2086 801 2119 te
834 2079 1094 2132 Clymeneque
1127 2080 1384 2132 Rhodosque,

79 2147 145 2179 205
164 2139 246 2178 Nec
277 2146 385 2178 tenet
414 2140 561 2178 Aeaeae
593 2140 771 2190 genetrix
802 2139 1064 2189 pulcherrima
1096 2138 1251 2191 Circes,

167 2198 353 2248 Quaeque
386 2203 474 2236 tuos
507 2197 628 2248 Clytie
662 2199 836 2248 quamvis
861 2197 1045 2249 despecta
1078 2198 1234 2249 petebat

167 2255 408 2295 Concubitus
427 2288 438 2308 ,
469 2258 632 2307 ipsoque
664 2255 729 2294 illo
761 2268 876 2306 grave
908 2256 1048 2295 vulnus
1081 2256 1246 2295 habebat

165 2314 360 2368 Tempore
379 2345 388 2354 .
426 2314 650 2354 Leucothoe
682 2314 894 2353 multarum
925 2314 1064 2353 oblivia
1095 2315 1209 2367 fecit,
