1527 2580
601 105 634 141 X
650 133 660 150 ‚
686 108 871 141 580—650
887 133 893 139 .
1029 117 1210 140 aramme
1331 104 1416 145 213

193 215 320 269 Quid,
352 215 456 268 quod
487 217 591 254 inest
622 217 747 254 virtus
780 222 820 254 et
851 227 960 254 mens
992 215 1173 254 interrita
1205 211 1312 253 leti?

194 274 320 328 Quid,
352 274 456 326 quod
482 274 529 313 ab
557 286 749 325 aequorea
782 279 1012 313 numeratur
1037 275 1187 324 origine
1221 269 1419 324 quartus?

193 333 321 386 Quid,
352 333 456 385 quod
489 339 620 385 amat,
652 334 827 384 tantique
860 338 972 384 putat
1004 331 1169 371 conubia
1202 338 1360 384 nostra,

192 391 244 431 Ut
273 398 438 445 pereat,
470 393 503 431 si
533 403 596 430 me
628 391 710 430 fors
741 391 797 430 illi
828 391 926 431 dura
957 388 1148 443 negarit?

104 457 173 491 620
193 449 293 490 Dum
330 450 452 503 licet,
489 449 663 503 hospes,
699 449 761 489 abi
780 482 791 503 ,
829 450 1097 501 thalamosque
1136 449 1313 500 relinque

1210 513 1418 547 cruentos.

191 566 427 620 Coniugium
459 568 619 608 crudele
651 579 783 608 meum
815 575 903 607 est.
944 568 1013 607 tibi
1046 567 1195 606 nubere
1227 566 1331 606 nulla

190 625 335 679 Nolet3
366 633 407 666 et
438 628 565 679 optari
597 633 709 679 potes
742 639 762 665 a
795 628 970 678 sapiente
1002 626 1152 678 puella.

191 684 272 724 Cur
296 691 427 725 tamen
447 691 508 725 est
533 685 628 724 mihi
654 697 748 725 cura
774 687 855 739 tui,
881 691 939 724 tot
954 687 1041 724 iam
1060 691 1149 724 ante
1174 681 1420 737 peremptis?

190 743 368 783 Viderit!
404 746 602 796 intereat,
634 745 818 795 quoniam
850 750 908 784 tot
940 744 1057 783 caede
1087 755 1302 795 procorum

103 809 170 840 625
190 802 422 842 Admonitus
454 814 533 842 non
566 808 655 855 est,
687 804 894 854 agiturque
926 804 967 841 in
999 802 1124 842 taedia
1156 805 1277 842 vitae.
1304 824 1361 830 -—-

191 860 354 900 Occidet
384 861 448 900 hic
479 863 629 914 igitur,
660 861 783 901 voluit
815 863 905 913 quia
937 863 1066 901 vivere
1099 873 1278 914 mecum,

191 918 472 971 indignamque
504 931 643 959 necem
672 922 845 972 pretium
877 921 1049 971 patietur
1080 922 1224 959 amoris
1242 917 1265 959 ⁸?

190 977 278 1017 Non
309 980 386 1018 erit
415 978 582 1017 invidiae
613 979 776 1017 victoria
808 984 943 1017 nostra
974 979 1184 1018 ferendae.

191 1035 268 1075 Sed
300 1048 380 1076 non
411 1036 526 1088 culpa
556 1048 642 1076 mea
675 1043 762 1076 est.
800 1039 951 1076 utinam
983 1037 1175 1076 desistere
1207 1035 1355 1077 velles!

101 1102 170 1135 630
190 1096 268 1134 Aut
284 1127 296 1148 ,
327 1097 513 1146 quoniam
538 1107 581 1134 es
606 1095 768 1135 demens
787 1127 798 1148 ,
829 1097 980 1135 utinam
1011 1095 1183 1135 velocior
1212 1094 1344 1135 esses!
1365 1115 1419 1125 -

189 1153 240 1192 At
271 1165 388 1204 quam
419 1155 618 1205 virgineus
650 1154 793 1205 puerili
824 1154 955 1194 vultus
986 1156 1028 1194 in
1059 1166 1127 1194 ore
1160 1154 1249 1194 est!

189 1210 250 1251 A!
281 1213 402 1251 miser
433 1211 678 1263 Hippomene
696 1244 708 1265 ,
739 1212 884 1252 nollem
915 1212 988 1252 tibi
1018 1214 1100 1252 visa
1132 1211 1324 1253 fuissem!

189 1269 328 1309 vivore
360 1270 502 1322 dignus
533 1282 621 1310 eras
641 1302 650 1310 .
689 1271 793 1322 quod
825 1273 859 1310 si
890 1271 1041 1311 felicior
1075 1284 1226 1325 essem,

188 1328 271 1368 Nec
302 1329 398 1368 mihi
429 1330 655 1381 coniugium
687 1331 762 1369 fata
793 1331 1006 1382 inportuna
1038 1337 1250 1384 negarent,

101 1394 169 1427 635
189 1386 300 1427 Unus
332 1399 419 1427 eras
437 1419 449 1440 ,
481 1400 572 1427 cum
605 1400 683 1439 quo
715 1390 865 1428 sociare
898 1388 1041 1428 cubilia
1072 1389 1212 1428 vellem
1227 1385 1285 1428 .”'

189 1445 377 1486 Dixerat:
407 1452 531 1498 utque
562 1447 703 1500 rudis,
733 1448 941 1499 primoque
974 1446 1166 1499 Cupidine
1198 1453 1324 1500 tacta,

191 1504 294 1551 Quid
323 1505 440 1558 facit,
469 1507 678 1559 ignorans,
710 1511 813 1546 amat
837 1511 877 1545 et
901 1518 981 1545 non
1013 1507 1134 1546 sentit
1164 1518 1360 1546 amorem.

190 1563 273 1602 Iam
304 1562 440 1603 solitos
471 1569 643 1616 poscunt
673 1576 816 1604 cursus
846 1564 1096 1617 populusque
1126 1570 1341 1617 paterque:

190 1621 289 1661 Cum
319 1633 382 1661 me
415 1621 581 1662 sollicita
610 1623 743 1675 proles
775 1622 971 1675 Neptunia
1002 1636 1096 1662 voce

103 1688 171 1720 640
183 1680 344 1720 Invocat
374 1680 671 1734 Hippomenes,
703 1678 959 1733 ‘³‘Cytherea'
993 1693 1068 1734 que
1103 1679 1372 1735 ‘comprecor‚

1314 1752 1421 1780 aus1s

191 1795 311 1837 Assit'
343 1799 397 1837 ait
429 1795 589 1837 ‘nostris
622 1805 661 1838 et
693 1811 791 1850 quos
823 1799 960 1852 dedit,
992 1799 1148 1839 adiuvet
1177 1800 1288 1851 ignes
1302 1796 1360 1838 .”'

191 1856 340 1895 Detulit
371 1868 465 1896 aura
495 1869 635 1908 preces
667 1858 713 1896 ad
747 1869 808 1896 me
840 1870 918 1896 non
951 1858 1079 1896 invida
1110 1857 1296 1910 blandas3

191 1915 372 1967 Motaque
405 1927 517 1968 sum,
548 1916 701 1955 fateor.
740 1928 813 1955 nec
839 1919 923 1968 opis
949 1928 1057 1956 mora
1089 1917 1203 1968 longa
1235 1916 1420 1956 dabatur.

191 1972 263 2012 Est
294 1985 415 2027 ager,
445 1973 651 2026 indigenae
683 1974 943 2014 Tamasenum
976 1977 1133 2014 nomine
1166 1975 1331 2028 dicu-nt,

105 2038 172 2071 645
193 2031 362 2071 Telluris
394 2031 557 2084 Cypriae
589 2045 680 2085 pars
712 2035 856 2085 optima
875 2066 886 2086 ‚
919 2046 1033 2085 quam
1065 2034 1161 2073 mihi
1191 2035 1313 2086 prisci

194 2089 406 2129 Sacravere
439 2103 583 2145 senes,
614 2092 850 2143 templisque
882 2092 1070 2132 accedere
1102 2093 1233 2132 dotem

191 2148 301 2188 Hanc
332 2150 484 2188 iussere
516 2151 642 2190 meis.
681 2150 808 2189 medio
841 2152 940 2190 nitet
971 2150 1087 2190 arbor
1118 2153 1157 2190 in
1191 2164 1306 2204 arvo,

192 2207 312 2247 Fulva
345 2219 494 2246 comam
514 2240 525 2260 ‚
557 2208 661 2247 fulvo
694 2211 813 2248 ramis
846 2209 1130 2262 crepitantibus
1162 2222 1281 2249 auro.

192 2264 293 2305 Hinc
325 2267 399 2305 tria
431 2267 533 2306 forte
564 2279 649 2306 mea
682 2269 842 2307 veniens
875 2268 1057 2321 decerpta
1091 2268 1263 2308 ferebam

104 2330 174 2365 050
192 2324 318 2364 Aurea
350 2337 462 2377 poma
496 2337 642 2365 manu:
675 2326 848 2378 nullique
881 2327 1043 2367 videnda
1078 2328 1150 2366 nisi
1183 2329 1257 2379 ipsi
