1554 2506
98 96 181 138 124
313 107 510 130 rumoni-:LA
646 90 859 127 METAMM
875 120 881 127 .

126 214 192 246 625
215 206 383 258 Attulit,
416 211 455 244 et
486 204 613 256 parvis
646 202 806 241 adduxit
838 200 934 241 colla
966 202 1146 255 lacertis,

213 265 407 316 Mixtaque
439 262 637 302 blanditiis
670 260 886 312 puerilibus
918 261 1050 300 oscula
1080 262 1230 313 iunxit,

213 324 315 363 Mota
349 322 506 373 quidem
539 325 598 359 est
624 320 830 372 genetrix,
861 320 1105 371 infractaque
1144 321 1320 359 constitit
1355 320 1435 360 ira:

214 382 404 432 Invitique
437 379 539 418 oculi
570 379 739 418 lacrimis
770 378 955 418 maduere
987 380 1153 418 coactis,

216 441 264 480 Se
325 439 441 478 simul
474 450 520 476 ex
553 439 671 476 nimia
703 444 873 477 mentem
904 438 1049 489 pietate
1081 437 1212 476 labare

128 507 194 539 630
216 440 347 553 Sesssit
365 530 375 550 ‚
407 496 453 535 ab
486 497 560 535 hoc
591 497 734 535 iterum
772 502 832 535 est
869 496 915 535 ad
953 495 1085 535 vultus
1123 507 1235 535 versa
1267 496 1438 536 sororis:

215 558 338 608 Inque
371 558 496 594 vicem
528 560 709 607 spectans
742 554 875 593 ambos
908 552 995 593 ‘cur
1027 551 1220 593 admovet'
1253 556 1381 606 inquit

216 614 338 654 ‘Alter
371 614 606 667 blanditias,
637 620 746 665 rapta
779 613 868 653 silet
898 613 1019 652 altera
1050 610 1216 665 lingua?

217 675 341 720 Quam
372 679 484 712 vocat
503 673 566 712 hic
585 678 750 712 matrem
770 704 780 725 ‚
813 685 884 712 cur
915 684 993 711 non
1014 677 1128 711 vocat
1145 671 1210 710 illa
1229 668 1439 711 sororem?

217 733 288 772 Cui
321 734 375 772 sis
407 737 557 784 nupta,
589 731 675 770 vide
695 764 705 784 ‚
738 731 936 769 Pandione
969 729 1086 769 nata!
1118 731 1258 769 marito

129 800 195 832 635
216 792 438 844 Degeneras
458 789 479 829 ’Β
511 790 640 829 scelus
672 795 733 828 est
763 791 886 841 pietas
917 791 957 828 in
990 790 1155 840 coniuge
1186 788 1312 828 Tereo
1329 785 1352 826 .’

216 850 297 890 Nec
329 862 437 889 mora
457 883 467 903 ,
499 850 617 888 traxit
647 848 732 900 Ityn
751 879 762 901 ‚
794 848 914 887 veluti
946 847 1156 899 Gangetica
1187 859 1323 886 cervae

217 909 445 949 Lactentem
476 909 601 947 fetum
631 919 702 959 per
735 906 849 946 silvas
881 907 994 957 tigris
1026 918 1188 958 opacas.

217 968 347 1020 thue
379 967 518 1006 domus
550 966 648 1005 altae
680 972 831 1017 partem
863 971 1026 1004 tenuere
1058 971 1272 1017 remotam,

218 1027 541 1077 Tendentemque
573 1037 711 1064 manus
743 1030 782 1063 et
812 1026 889 1063 iam
921 1036 990 1063 sua
1022 1024 1098 1063 fata
1129 1023 1324 1062 videntem

131 1093 198 1125 640
218 1085 268 1125 Et
300 1083 441 1124 ‘mater
459 1117 470 1137 ‚
502 1080 642 1122 mater'
675 1083 906 1122 clamantem
939 1088 978 1121 et
1009 1082 1106 1121 colla
1137 1088 1337 1133 petentem

218 1144 324 1184 Ense
356 1144 449 1182 ferit
478 1142 632 1193 Progne
651 1173 662 1194 ‚
694 1141 808 1181 lateri
840 1153 915 1192 qua
947 1147 1087 1192 pectus
1120 1140 1326 1193 adhaeret,

220 1203 301 1242 Nec
332 1202 483 1241 vultum
515 1202 661 1240 vertit.
701 1201 794 1239 satis
826 1199 882 1238 illi
913 1199 959 1238 ad
992 1200 1068 1238 fata
1100 1199 1160 1238 vel
1191 1211 1315 1239 unum

220 1261 368 1301 Vulnus
401 1267 514 1300 erat:
545 1258 723 1310 iugulum
755 1259 860 1297 ferro
893 1257 1105 1297 Philomela
1137 1257 1320 1297 resolvit.

220 1320 391 1371 Vivaque
424 1318 550 1358 adhuc
583 1319 813 1369 animaeque
846 1316 990 1368 aliquid
1030 1318 1238 1356 retinentia
1270 1315 1443 1356 membra

133 1386 200 1418 645
221 1379 444 1430 Dilaniant3
476 1389 567 1429 pars
597 1376 687 1415 inde
721 1377 823 1415 cavis
855 1375 1002 1415 exultat
1033 1377 1164 1428 aenis,

222 1438 317 1477 Pars
348 1436 508 1476 veribus
541 1435 742 1474 stridunt:
774 1439 932 1473 manant
962 1434 1177 1486 penetralia
1210 1433 1322 1473 tabo.

222 1496 291 1535 His
323 1495 480 1535 adhibet
511 1495 680 1533 coniunx
711 1495 891 1544 ignarum
916 1492 1040 1532 Terea
1071 1494 1240 1544 mensis,

222 1554 272 1594 Et
302 1556 418 1606 patrii
449 1554 572 1592 moris
604 1565 758 1591 sacrum
790 1553 981 1604 mentita,
1014 1551 1118 1602 quod
1149 1553 1218 1590 uni

222 1614 295 1653 Fas
328 1615 380 1652 sit
409 1613 516 1651 adire
548 1613 630 1650 viro
651 1643 661 1663 ‚
693 1612 857 1650 comites
888 1610 1132 1661 famulosque
1165 1611 1352 1649 removit.

135 1673 309 1724 6501pse
343 1671 485 1711 sedens
510 1670 606 1709 solio
639 1669 790 1708 Tereus
824 1669 1002 1708 sublimis
1034 1670 1135 1708 avito

223 1731 404 1770 Vescitur
423 1762 434 1783 ‚
464 1731 584 1780 inque
617 1740 727 1768 suam
759 1739 828 1767 sua
860 1729 1010 1767 viscera
1042 1728 1220 1779 cengerit
1250 1727 1400 1766 alvum.

224 1790 426 1840 Tantaque
459 1800 535 1827 nox
568 1789 685 1826 animi
718 1792 805 1839 est,
838 1783 938 1838 ‘Ityn
977 1786 1055 1825 huc
1092 1783 1297 1825 accersite'
1329 1786 1447 1825 dixit.

225 1848 477 1888 Dissimulare
510 1848 648 1897 nequit
679 1845 850 1884 crudelia
883 1844 1021 1896 gaudia
1053 1844 1231 1896 Progne:

227 1907 404 1958 [lamque
437 1918 530 1945 suae
563 1906 726 1957 cupiens
758 1905 927 1942 existere
960 1902 1283 1956 nurmNIadis,]

138 1974 205 2005 655
227 1963 351 2005 ‘Intus
383 1964 502 2003 habes
521 1996 532 2017 ,
568 1975 685 2015 quem
710 1959 855 2014 poscis'
888 1963 968 2001 ait.
1007 1963 1273 2013 circumspicit
1305 1961 1391 2014 ille,

226 2025 355 2075 Atque
373 2023 441 2063 ubi
473 2025 551 2075 sit,
585 2023 737 2073 quaerit
757 2053 764 2059 .
805 2022 1011 2072 quaerenti
1030 2022 1254 2072 iterumque
1274 2021 1450 2073 vocanti,

229 2082 340 2122 Sicut
372 2088 455 2121 erat
485 2083 632 2133 sparsis
664 2079 794 2119 furiali
827 2079 945 2118 caede
978 2078 1151 2132 capillis,

227 2140 444 2192 Prosiluit,
475 2140 658 2191 Ityosque
691 2144 808 2190 caput
838 2137 1051 2177 Philomela
1083 2144 1292 2177 cruentum

228 2199 333 2239 Misit
362 2200 402 2238 in
435 2210 502 2237 ora
533 2199 686 2249 patris:
718 2209 790 2236 nec
822 2203 999 2248 tempore
1031 2196 1168 2235 maluit
1197 2196 1277 2236 ullo

140 2267 208 2298 660
227 2258 348 2297 Posse
379 2257 487 2308 loqui
519 2263 558 2295 et
589 2257 738 2295 meritis
771 2257 908 2294 testari
939 2254 1077 2306 gaudia
1109 2255 1245 2294 dictis.

230 2316 421 2356 Thracius
452 2316 602 2366 ingenti
634 2326 789 2353 mensas
822 2313 992 2352 clamore
1023 2312 1200 2365 repellit,
