1527 2580
562 141 627 177 XV
643 170 653 187 ‚
679 145 864 178 814-879
880 169 887 175 .
985 154 1068 175 niv.
1096 151 1211 175 muns
1308 138 1391 179 329

174 253 273 293 Esse
305 255 387 292 suis
417 254 564 292 maiora
583 284 594 304 ‚
626 258 665 291 et
697 253 798 290 vinci
830 251 972 302 gaudet
1003 249 1049 288 ab
1083 249 1168 287 illo.

175 312 246 351 Hic
278 324 348 351 sua
379 312 568 363 praeferri
600 321 834 362 quamquam
865 315 965 348 vetat
993 314 1075 347 acta
1108 308 1302 358 paternis,

175 369 314 409 Libera
346 370 444 408 sama
475 376 604 408 tamen
636 368 830 419 nullisque
863 367 1029 406 obnoxia
1060 368 1176 405 iussis

175 428 343 468 Invitum
375 429 576 480 praefert,
608 439 762 478 unaque
795 428 834 465 in
867 431 975 477 parte
1008 430 1222 477 repugnat.

88 495 155 527 855
177 487 241 526 Sic
273 488 401 538 magni
433 486 536 525 cedit
568 486 690 526 titulis
722 485 1020 536 Agamemnonis
1053 484 1218 535 Atreus;

176 547 302 597 Aegea
334 547 390 584 sic
421 545 598 584 Theseus
617 576 628 596 ‚
660 546 715 583 sic
749 543 862 583 Pelea
896 545 1013 582 vincit
1044 541 1234 581 Achilles.

178 604 382 656 Denique,
414 609 457 643 ut
488 602 676 654 exemplis
708 605 813 653 ipsos
845 601 1104 653 aequantibus
1139 606 1248 652 utar,

178 662 242 701 Sic
273 667 313 701 et
345 661 538 701 Saturnus
571 663 698 700 minor
731 668 790 700 est
822 660 909 699 Iove
930 691 938 699 .
977 659 1150 711 luppiter
1183 670 1291 698 arces

175 721 386 772 Temperat
417 720 609 759 aetherias
641 726 680 759 et
711 719 846 758 mundi
877 731 995 770 regna
1027 718 1239 769 triformis;

87 788 155 819 860
176 779 299 818 Terra
307 778 402 840 ‚sub
435 779 639 829 Augusto.
677 785 788 830 pater
820 784 880 817 est
911 784 951 816 et
982 783 1112 816 rector
1143 782 1335 827 uterque.

177 837 252 890 Di,
282 849 454 890 precor,
485 839 637 876 Aeneae
677 838 839 875 comites
858 868 869 888 ‚
901 835 1043 887 quibus
1082 836 1187 874 ensis
1224 841 1263 874 et
1294 835 1394 886 ignis

176 895 418 948 Cesserunt,
451 896 568 946 dique
600 895 794 946 Indigetes
813 927 824 947 ‚
856 896 1088 946 genitorque
1121 893 1281 939 Quirine

177 954 322 1006 Urbis,
354 961 394 993 et
423 956 557 993 invicti
583 956 737 1006 genitor
769 953 932 993 Gradive
966 953 1142 1005 Quirini,

177 1012 369 1064 Vestaque
402 1012 614 1051 Caesareos
645 1014 748 1051 inter
781 1018 928 1051 sacrata
960 1017 1144 1063 penates,

88 1080 156 1111 865
178 1071 227 1110 Et
256 1083 347 1110 cum
379 1069 567 1110 Caesarea
598 1076 640 1110 tu
659 1103 670 1122 ,
701 1070 858 1109 Phoebe
890 1070 1102 1109 domestice
1121 1101 1132 1121 ,
1164 1068 1302 1121 Vesta,

178 1129 333 1180 Quique
364 1135 477 1168 tenes
509 1129 609 1168 altus
641 1128 825 1180 Tarpeias
857 1128 1033 1180 Iuppiter
1064 1128 1203 1180 aedes,

179 1188 365 1238 Quosque
399 1187 493 1226 alios
526 1190 602 1227 vati
633 1188 690 1226 fas
722 1186 915 1239 appellare
947 1189 1133 1238 piumque
1167 1192 1250 1225 est:

178 1245 304 1285 Tarda
336 1247 387 1285 sit
417 1246 481 1285 illa
512 1246 595 1285 dies
626 1253 666 1286 et
696 1253 832 1285 nostro
865 1247 990 1285 serior
1022 1257 1139 1297 aevo,

179 1304 263 1350 Qua
295 1310 411 1356 caput
441 1305 661 1356 Augustum
680 1336 691 1358 ,
723 1316 839 1356 quem
876 1309 1098 1356 temperat,
1129 1302 1223 1342 orbe
1260 1302 1397 1342 relicto

91 1371 159 1404 870
179 1363 348 1402 Accedat
378 1363 483 1402 caelo
516 1364 717 1414 faveatque
749 1362 1001 1415 precantibus
1034 1361 1197 1400 absens.

142 1473 146 1477 ἵ
239 1421 397 1472 Iamque
430 1434 528 1473 opus
561 1423 701 1474 exegi,
735 1421 838 1472 quod
870 1433 943 1460 nec
973 1421 1073 1459 lovis
1105 1422 1162 1458 ira
1193 1431 1266 1459 nec
1297 1420 1398 1471 ignis

179 1480 260 1519 Nec
291 1481 437 1531 poterit
467 1481 617 1519 ferrum
649 1492 720 1519 nec
752 1479 849 1519 edax
881 1479 1036 1519 abolere
1067 1483 1262 1518 vetustas.

181 1539 279 1578 Cum
310 1538 413 1577 volet
431 1570 442 1591 ‚
473 1538 536 1577 illa
568 1539 650 1578 dies
669 1570 680 1591 ‚
712 1550 811 1589 (mae
843 1538 897 1577 nil
929 1539 1003 1577 nisi
1035 1539 1212 1588 corporis
1243 1537 1359 1576 huius

180 1597 245 1636 Ius
277 1596 422 1649 habet,
453 1598 593 1636 incerti
625 1599 793 1648 spatium
825 1596 917 1635 mihi
951 1597 1058 1635 finiat
1088 1597 1193 1635 aevi:

93 1664 162 1695 875
183 1655 298 1694 Parte
332 1661 459 1694 tamen
492 1655 653 1694 meliore
686 1657 761 1694 mei
794 1666 912 1705 super
945 1654 1020 1693 alta
1050 1655 1235 1705 perennis

182 1715 296 1752 Astra
327 1714 431 1752 ferar
449 1745 461 1765 ‚
492 1725 713 1764 nomenque
746 1715 822 1752 erit
852 1712 1058 1752 indelebile
1090 1717 1292 1750 nostrum.

183 1771 346 1823 Quaque
377 1777 484 1823 patet
515 1771 670 1811 domitis
704 1771 874 1810 Romana
906 1771 1080 1822 potentia
1110 1772 1251 1821 terris,

183 1829 260 1869 Ore
292 1829 397 1881 legar
428 1831 590 1883 populi,
621 1842 770 1882 perque
803 1831 930 1868 omnia
963 1829 1136 1882 saecula,
1148 1829 1271 1880 sama,

184 1887 321 1940 Siquid
353 1887 497 1928 habent
528 1890 609 1928 veri
635 1895 762 1928 vatum
795 1889 1022 1942 praesagia,
1053 1889 1198 1927 vivam.
