1554 2506
132 61 187 102 48
359 73 493 94 caminus
675 57 889 92 METAMM
906 84 913 91 .

249 170 315 210 ille
348 170 480 208 dolore
515 170 621 208 ferox
659 173 773 218 caput
806 168 845 204 in
878 178 946 205 sua
979 173 1087 218 terga
1119 168 1304 218 retorsit,

249 229 495 278 Vulneraque
528 227 706 277 aspexit,
738 225 937 276 fixumque
970 225 1108 264 hastile
1141 224 1375 277 momordit,

187 296 230 327 70
251 287 371 338 quue
404 286 470 324 ubi
503 287 538 323 vi
570 284 690 323 multa
723 289 873 334 partem
905 282 1087 322 labefecit
1117 285 1157 322 in
1190 294 1369 335 omnem,

250 345 319 384 Vix
351 350 460 395 tergo
494 344 666 394 eripuit:
698 342 847 381 serrum
879 347 1008 381 tamen
1041 341 1195 381 ossibus
1227 341 1373 381 haesit.

249 404 348 443 Tum
380 415 471 441 vero
503 408 709 453 postquam
742 400 874 439 solitas
906 402 1071 440 accessit
1102 400 1148 439 ad
1179 402 1259 439 iras

252 462 373 501 Causa
407 472 575 512 recens,
607 459 732 510 plenis
765 465 997 498 tumuerunt
1028 465 1187 510 guttura
1219 460 1352 510 venis,

251 521 473 572 Spumaque
506 518 716 569 pestiferos
749 518 986 557 circumfluit
1019 517 1143 556 albida
1174 519 1323 570 rictus,

187 588 229 619 75
250 578 450 628 Terraque
483 589 569 616 rasa
601 583 714 615 sonat
745 578 940 629 squamis,
974 578 1118 628 quique
1151 575 1294 615 halitus
1327 576 1407 614 exit

249 637 326 676 Ore
360 639 471 686 niger
505 635 661 688 Stygi0‚
694 636 846 674 vitIatas
878 635 1002 674 inficit
1033 646 1171 674 auras.

248 696 335 746 Ipse
367 694 481 734 modo
513 695 735 732 inmensum
768 695 885 745 spiris
917 693 1149 732 facientibus
1182 692 1317 732 orbem

249 754 456 805 Cingitur,
487 752 686 791 interdum
718 752 831 803 longa
863 751 972 816 Qe
1005 753 1151 791 rec-tior
1184 757 1311 804 extat,

248 812 396 863 Impete
429 823 535 850 nunc
566 817 673 850 vasto
707 823 779 849 ceu
812 812 990 849 concitus
1021 809 1213 849 imbribus
1246 810 1370 848 amnis

189 880 232 911 80
253 871 396 909 Fertur
429 877 468 908 et
499 869 698 908 obstantes
730 869 939 920 proturbat
969 875 1130 920 pectore
1162 868 1300 907 silvas.

249 929 361 969 Cedit
390 927 630 980 Agenorides
661 927 849 980 paulum,
881 927 1083 979 spolioque
1115 927 1240 966 leonis

250 988 428 1027 Sustinet
458 989 641 1025 incursus
661 1018 671 1038 ,
703 988 966 1037 instantiaque
999 998 1066 1025 ora
1091 985 1265 1025 retardat

249 1046 418 1097 Cuspide
450 1050 654 1096 praetenta
675 1076 683 1084 .
723 1045 818 1083 furit
848 1045 911 1083 ille
945 1050 985 1084 et
1016 1046 1144 1083 inania
1176 1044 1276 1082 duro

248 1104 417 1143 Vulnera
449 1104 513 1142 dat
544 1104 648 1142 ferro
667 1135 678 1155 ,
709 1104 870 1154 figitque
901 1105 941 1141 in
973 1104 1151 1142 acumine
1185 1103 1346 1155 dentes,

185 1172 228 1203 85
248 1163 406 1213 Iamque
439 1162 665 1200 venenifero
698 1163 855 1212 sanguis
888 1173 1045 1200 manare
1076 1161 1204 1212 palato

250 1221 441 1272 Coeperat
473 1226 512 1259 et
542 1220 686 1258 virides
719 1221 924 1271 aspergine
957 1221 1126 1259 tinxerat
1157 1219 1322 1259 herbas:

250 1280 326 1318 Sed
358 1279 441 1318 leve
474 1278 614 1317 vulnus
647 1284 759 1330 erat,
791 1280 881 1329 quia
913 1290 954 1317 se
987 1277 1212 1317 retrahebat
1244 1277 1290 1316 ab
1321 1279 1400 1317 ictu

248 1338 446 1388 Laesaque
479 1337 576 1376 colla
609 1336 723 1375 dabat
754 1343 861 1375 retro
881 1368 892 1389 ‚
923 1336 1153 1389 plagamque
1187 1336 1324 1376 sedere

249 1396 431 1436 Cedendo
464 1395 649 1448 arcebat,
682 1408 753 1434 nec
784 1395 939 1446 longius
970 1397 1028 1434 ire
1061 1395 1236 1435 sinebat:

185 1465 229 1496 90
250 1455 381 1494 Donec
413 1454 652 1505 Agenorides
687 1455 909 1492 coniectum
940 1455 979 1493 in
1013 1459 1172 1505 gutture
1205 1454 1354 1493 ferrum

249 1513 382 1564 Usque
416 1525 585 1564 sequens
616 1514 791 1564 pressit,
823 1513 915 1551 dum
948 1518 1054 1551 retro
1088 1524 1259 1563 quercus
1291 1514 1400 1552 eunti

249 1571 440 1623 Obstitit,
472 1577 512 1610 et
543 1572 614 1609 fixa
648 1577 708 1609 est
739 1572 887 1622 pariter
920 1583 1009 1610 cum
1041 1571 1183 1610 robore
1217 1573 1369 1610 cervix.

248 1630 427 1670 Pondere
461 1631 656 1681 serpentis
689 1635 847 1668 curvata
880 1636 940 1668 est
972 1629 1089 1668 arbor
1107 1662 1118 1682 ,
1149 1635 1189 1668 et
1219 1631 1319 1668 imae

248 1689 363 1728 Parte
395 1687 579 1739 flagellari
612 1689 760 1738 gemuit
791 1700 859 1726 sua
892 1687 1033 1726 robora
1066 1688 1234 1727 caudae.

184 1757 227 1788 95
249 1747 347 1786 Dum
380 1748 549 1797 spatium
581 1748 705 1785 victor
737 1748 829 1785 victi
861 1747 1084 1786 considerat
1114 1747 1262 1800 hostis,

250 1805 330 1844 Vox
365 1805 494 1843 subito
527 1804 657 1843 audita
689 1810 778 1856 est3
810 1817 938 1856 neque
972 1811 1056 1844 erat
1087 1817 1324 1856 cognoscere

1224 1870 1449 1916 promptum
1462 1894 1472 1917 ,

249 1922 359 1962 Unde
378 1954 389 1975 ,
421 1922 488 1961 sed
522 1922 649 1961 audita
683 1928 742 1961 est
761 1954 771 1974 ,
804 1919 911 1973 ‘quid
932 1954 943 1975 ,
969 1904 1146 1974 Agffle
1178 1928 1267 1961 nate
1286 1954 1297 1975 ,

1219 1987 1467 2033 peremptum

252 2039 483 2090 Serpentem
517 2046 670 2090 spectas
689 2036 711 2078 ⁴?
742 2046 781 2078 et
813 2046 856 2079 tu
889 2039 1119 2092 spectabere
1152 2036 1356 2091 serpens.'

251 2097 318 2136 Ille
351 2098 416 2136 diu
449 2098 610 2148 pavidus
643 2100 790 2149 pariter
822 2111 912 2137 cum
943 2105 1074 2138 mente
1108 2097 1279 2138 colorem

165 2164 231 2196 100
250 2155 509 2208 Perdiderat,
541 2156 745 2207 gelidoque
779 2169 912 2196 comae
945 2163 1097 2196 terrore
1130 2156 1330 2208 rigebant.

249 2213 352 2252 Ecce
384 2215 455 2252 viri
488 2214 630 2252 fautrix
663 2227 825 2266 superas
858 2215 1012 2267 delapsa
1043 2227 1114 2267 per
1146 2227 1261 2255 auras

249 2271 374 2311 Pallas
395 2272 503 2311 adest
522 2304 531 2325 ,
563 2279 767 2324 motaeque
788 2273 897 2314 iubet
917 2273 1139 2325 subponere
1159 2280 1287 2314 terrae
1318 2282 1347 2309 r.
1369 2281 1467 2308 xxvii·
