1554 2506
102 82 182 125 138
342 97 493 118 'messus
648 82 862 117 METAMM
878 108 885 116 .

215 192 413 232 Cerberon
447 194 632 244 attraxit3
663 191 796 231 rabida
829 193 895 242 qui
927 193 1106 231 concitus
1137 193 1195 231 ira

215 251 392 303 Implevit
422 253 568 302 pariter
599 251 724 289 ternis
756 249 961 289 latratibus
993 262 1107 289 auras

127 317 194 348 415
214 310 263 348 Et
295 311 437 361 sparsit
469 308 611 347 virides
644 310 794 360 spumis
826 308 1046 347 albentibus
1079 320 1215 359 agros.

213 368 290 406 Has
322 379 529 406 concresse
561 372 700 418 putant
719 398 730 419 ‚
764 373 974 418 nactasque
1006 366 1189 406 alimenta
1219 367 1360 406 feracis

214 426 243 465 F
247 426 466 476 ccundique
498 425 570 464 soli
600 427 703 465 vires
736 427 886 477 cepisse
919 425 1107 464 nocendi.
1287 432 1434 460 toxvffi.

215 485 262 530 Q1
292 486 320 523 'e
354 486 443 534 quia
475 490 691 522 nascuntur
723 483 820 523 dura
857 485 1001 522 vivacia
1034 488 1172 536 caute,

213 544 398 594 Agrestes
431 544 582 581 aconita
614 547 781 581 vocant.
821 554 865 581 ea
897 542 1075 593 coniugis
1108 547 1194 581 astu

126 602 301 653 4201pse
333 613 475 652 parens
508 601 660 652 Aegeus
694 606 783 639 nato
816 602 992 652 porrexit
1023 606 1067 639 ut
1097 600 1224 639 hosti.

214 660 444 711 Sumpserat
474 661 607 710 ignara
639 659 816 698 Theseus
849 659 936 697 data
969 658 1109 710 pocula
1141 659 1301 711 dextra,

213 718 308 757 Cum
342 724 452 769 pater
484 720 524 756 in
556 718 693 769 capulo
726 718 840 768 gladii
873 719 1054 768 cognovit
1085 716 1235 756 eburno

214 777 330 827 Signa
363 778 422 815 sui
456 778 641 829 generis,
673 777 902 826 facinusque
936 776 1110 814 excussit
1141 774 1187 814 ab
1219 787 1312 814 ore.

211 835 358 886 Effugit
390 835 452 873 illa
486 847 623 873 necem
655 834 809 873 nebulis
840 846 912 885 per
944 835 1115 872 carmina
1146 834 1288 872 motis.

126 901 190 932 425
270 893 318 932 At
349 896 531 945 genitor,
564 905 797 944 quamquam
829 892 995 931 laetatur
1027 893 1173 943 sospite
1205 897 1318 945 nato,

212 952 410 991 Attonitus
442 958 571 991 tamen
605 957 666 991 est
696 953 833 1003 ingens
866 951 1091 990 diScrimine
1122 962 1241 1002 parvo

213 1010 411 1049 Committi
442 1012 618 1062 potuisse
651 1011 788 1049 nefas.
827 1010 931 1048 fovet
963 1008 1118 1060 ignibus
1150 1021 1259 1061 aras,

211 1069 519 1120 Muneribusque
552 1069 646 1107 deos
678 1068 841 1120 implet,
874 1069 1100 1118 feriuntque
1132 1079 1294 1106 secures

213 1127 317 1166 Colla
349 1134 480 1166 torosa
512 1126 631 1166 boum
662 1128 881 1165 vinctorum
916 1137 1063 1164 cornua
1095 1127 1223 1165 vittis.

126 1194 192 1225 430
212 1186 350 1225 Nullus
382 1184 632 1224 Erechthidis
664 1185 790 1224 fertur
823 1184 1057 1223 celebratior
1088 1183 1154 1222 illo

211 1244 402 1283 Inluxisse
435 1243 518 1282 dies
539 1275 547 1283 .
586 1245 732 1295 agitant
763 1244 936 1282 convivia
968 1247 1100 1294 patres

211 1302 260 1341 Et
292 1303 463 1341 medium
495 1301 634 1353 vulgus
660 1333 668 1341 .
707 1314 781 1340 nec
812 1314 891 1341 non
924 1306 963 1340 et
995 1302 1166 1340 carmina
1198 1302 1287 1339 vino

211 1361 416 1412 Ingenium
447 1362 612 1399 faciente
645 1365 818 1399 canunt.
857 1357 910 1399 ‘te
929 1391 940 1412 ,
972 1361 1137 1398 maxime
1169 1359 1348 1412 Theseu,

211 1420 346 1458 Mirata
380 1424 440 1458 est
470 1418 671 1457 Marathon
705 1415 847 1458 Cretei
890 1420 1079 1469 sanguine
1110 1419 1236 1457 tauri:

125 1485 192 1517 435
213 1478 405 1529 Quodque
437 1479 518 1516 suis
550 1489 714 1516 securus
746 1484 829 1515 arat
860 1476 1077 1527 Cromyona
1110 1476 1295 1529 colonus,

212 1536 354 1575 Munus
387 1548 564 1587 opusque
596 1542 706 1575 tuum
741 1542 828 1574 est.
867 1534 983 1573 tellus
1014 1534 1225 1586 Epidauria
1255 1546 1328 1586 per
1359 1540 1398 1574 te

213 1594 451 1646 Clavigeram
483 1594 579 1633 vidit
610 1593 770 1633 Vulcani
802 1593 1036 1633 occumbere
1067 1593 1242 1646 prolem3

212 1653 315 1692 Vidit
347 1659 386 1692 et
416 1655 593 1692 inmitem
627 1652 827 1704 Cephisias
859 1664 926 1690 ora
958 1652 1224 1691 Procrusten:

214 1711 424 1763 Cercyonis
457 1712 578 1750 letum
610 1711 705 1749 vidit
737 1710 907 1750 Cerealis
938 1710 1123 1749 Eleusin.

124 1779 192 1810 440
214 1770 366 1809 Occidit
397 1769 460 1808 ille
495 1770 627 1822 Sinis,
659 1771 809 1820 magnis
841 1768 939 1808 male
971 1769 1120 1808 viribus
1151 1781 1271 1821 usus,

214 1829 289 1874 Qui
320 1834 474 1881 poterat
506 1840 668 1867 curvare
701 1828 832 1867 trahes
863 1833 904 1866 et
934 1827 1072 1878 agebat
1103 1826 1151 1866 ab
1182 1827 1259 1866 alto

213 1888 268 1926 Ad
301 1894 447 1926 terram
479 1887 555 1925 late
589 1899 794 1938 sparsuras
826 1898 991 1937 corpora
1021 1887 1164 1947 PQS·

213 1946 338 1985 Tutus
371 1945 416 1984 ad
449 1945 660 1984 Alcathoen
680 1977 692 1998 ,
723 1944 902 1996 Lelegeia
933 1945 1116 1997 moenia,
1147 1943 1258 1982 limes

214 2005 436 2055 Composito
466 2003 629 2043 Sciro-ne
660 2009 796 2055 patet:
827 2004 1052 2055 sparsisque
1085 2002 1247 2041 latronis

125 2071 192 2101 445
213 2064 335 2102 Terra
367 2068 482 2113 negat
514 2062 647 2101 sedem
667 2094 677 2114 ,
710 2062 841 2101 sedem
874 2067 990 2112 negat
1021 2060 1176 2100 ossibus
1208 2059 1335 2099 unda:

214 2122 320 2167 Quae
352 2122 489 2159 iactata
523 2121 589 2159 diu
622 2121 748 2160 fertur
780 2120 942 2159 durasse
974 2125 1147 2159 vetustas

212 2180 256 2219 In
277 2179 482 2230 scopulos3
503 2179 672 2230 scopulis
693 2174 835 2218 nomen
857 2178 1030 2217 Scironis
1063 2177 1243 2217 inhaeret
1261 2208 1270 2216 .
1297 2185 1327 2212 ε.
1345 2184 1434 2212 exix-

214 2238 255 2277 Si
286 2237 421 2276 titulos
453 2249 654 2288 annosque
686 2243 775 2277 tuos
807 2249 1015 2276 numerare
1047 2236 1235 2288 velimus,

214 2296 329 2336 Facta
353 2302 534 2348 premant
566 2308 717 2335 annos.
755 2307 826 2347 pro
858 2302 896 2335 te
915 2327 926 2348 ,
956 2296 1198 2348 fortissime,
1229 2298 1317 2334 vota
