1527 2580
625 106 691 143 XV
709 134 718 151 ,
744 110 929 143 667—740
944 134 952 142 .
1045 119 1276 143 asseramus
1375 107 1458 148 325

163 239 217 248 ·—
240 218 338 258 Saxa
370 218 469 269 fugit
486 249 497 270 ,
530 216 666 257 dextra
698 223 907 269 praerupta
941 217 1123 256 Celennia
1154 222 1288 268 parte,

164 299 217 305 —-
239 276 568 328 Romethiumque
601 276 694 327 legit
726 275 972 328 Caulonaque
1005 275 1310 327 Naryciamque,

151 343 217 375 706
237 335 469 386 Evincitque
503 335 647 374 fretum
680 334 880 386 Siculique
913 341 1075 386 angusta
1105 334 1236 374 Pelori

237 393 555 446 Hippotadaeque
589 393 724 433 domos
755 395 859 445 regis
890 393 1154 444 Temesesque
1187 392 1364 444 metalla,

238 452 546 503 Leucosiamque
578 454 705 505 petit,
737 452 936 504 tepidique
968 453 1116 491 rosaria
1147 451 1298 490 Paesti.

239 511 332 550 Inde
363 511 456 562 legit
488 510 655 563 Capreas
674 543 685 564 ,
716 512 1113 562 promunturiumque
1145 509 1340 549 Minervae

151 577 218 609 710
230 560 288 609 Et
319 569 554 609 Surrentino
586 581 799 621 generosos
831 570 986 621 palmite
1020 569 1138 609 colles

238 627 547 679 Herculeamque
580 627 718 667 urbem
752 627 981 679 Stabiasque
1014 634 1052 666 et
1084 630 1121 666 in
1155 629 1231 667 otia
1265 633 1392 666 natam

236 686 512 738 Parthenopen
544 692 584 726 et
615 686 661 725 ab
695 686 766 726 hac
799 686 988 726 Cumaeae
1023 686 1165 738 templa
1198 685 1386 737 Sibyllae.

237 744 337 785 Hinc
369 745 483 784 calidi
515 746 642 784 fontes
674 745 1035 797 lentisciferumque
1069 750 1225 784 tenetur

236 803 468 857 Liternum,
499 803 738 855 multamque
771 804 929 843 trahens
961 804 1033 843 sub
1065 805 1219 855 gurgite
1251 803 1435 842 harenam

149 869 216 902 '715
239 862 480 916 Volturnus,
512 864 713 914 niveisque
746 863 934 914 frequens
968 863 1152 902 Sinuessa
1185 861 1400 913 columbis,

235 921 536 973 Minturnaeque
568 933 704 973 graves
736 927 776 961 et
807 933 922 973 quam
955 921 1160 961 tumulavit
1190 920 1394 972 alumnus,

235 980 545 1031 Antiphataeque
578 979 716 1019 domus
734 1011 746 1032 ,
777 980 1026 1032 Trachasque
1060 979 1218 1019 obsessa
1249 978 1388 1031 palude

236 1038 286 1077 Et
317 1038 433 1077 tellus
466 1038 623 1078 Circaea
655 1044 694 1077 et
726 1040 841 1090 spissi
873 1038 998 1078 litoris
1024 1039 1202 1078 Antium.

235 1096 322 1136 Huc
353 1096 421 1136 ubi
453 1096 651 1136 veliferam
684 1103 825 1136 nautae
858 1097 1061 1136 advertere
1094 1098 1265 1135 carinam
1298 1118 1352 1124 —

149 1163 217 1195 ‘120
236 1156 361 1207 Asper
392 1156 495 1194 enim
528 1156 602 1194 iam
635 1161 778 1206 pontus
811 1161 893 1194 erat
920 1177 974 1183 —
1002 1155 1098 1194 deus
1132 1155 1299 1207 explicat
1325 1154 1460 1206 orbes,

237 1214 392 1265 Perque
425 1215 534 1253 sinus
567 1213 728 1253 crebros
761 1219 800 1253 et
831 1226 967 1265 magna
999 1214 1195 1253 volumina
1227 1213 1360 1252 labens

236 1272 396 1324 Templa
427 1274 602 1324 parentis
632 1274 705 1311 init
736 1272 876 1311 ssavum
911 1274 1106 1324 tangentia
1138 1272 1252 1312 litus.

236 1332 416 1383 Aequore
447 1337 584 1383 pacato
615 1332 760 1383 patrias
792 1330 1029 1383 Epidaurius
1062 1343 1148 1370 aras

237 1389 424 1443 Linquit,
457 1395 496 1429 et
527 1390 695 1441 hospitio
728 1391 852 1429 iuncti
883 1389 958 1429 sibi
989 1391 1161 1430 numinis
1192 1402 1289 1430 usus

150 1456 216 1487 725
239 1448 433 1488 Litoream
464 1453 592 1488 tractu
625 1460 807 1499 squamae
841 1450 1067 1500 crepitantis
1099 1449 1284 1488 harenam

194 1548 201 1554 ,
238 1507 399 1560 Sulcat,
431 1512 471 1546 et
501 1508 658 1546 innixus
689 1507 954 1546 moderamine
988 1509 1094 1546 navis
1126 1509 1166 1546 in
1198 1507 1271 1546 alta

237 1566 372 1618 Puppe
404 1571 522 1617 caput
550 1567 712 1618 posuit,
743 1566 868 1605 donec
901 1565 1159 1617 Castrumque
1192 1578 1401 1617 sacrasque

238 1624 370 1663 Lavini
402 1624 515 1662 sedes
546 1623 809 1675 Tiberinaque
842 1624 888 1663 ad
920 1626 1019 1663 ostia
1049 1626 1176 1663 venit.

238 1682 323 1722 Huc
355 1684 481 1721 omnis
511 1682 646 1734 populi
676 1684 821 1734 passim
853 1689 1099 1734 matrumque
1131 1688 1366 1735 patrumque

150 1749 217 1781 730
239 1741 360 1781 Obvia
398 1740 513 1780 turba
551 1742 660 1793 ruit,
692 1753 870 1792 quaeque
909 1743 1049 1794 ignes,
1079 1741 1250 1795 Troica,
1282 1746 1461 1796 servant,

239 1799 380 1852 Vesta,
411 1806 530 1852 tuos,
562 1799 740 1850 laetoque
773 1799 890 1838 deum
922 1800 1090 1839 clamore
1121 1800 1318 1853 salutant;

239 1857 401 1909 Quaque
431 1870 503 1909 per
535 1858 715 1897 adversas
747 1859 855 1897 navis
887 1859 962 1898 cita
994 1858 1152 1898 ducitur
1183 1858 1330 1911 undas,

237 1917 343 1956 Tura
374 1928 494 1968 super
526 1918 631 1968 ripas
662 1918 740 1955 aris
772 1929 819 1956 ex
850 1917 986 1956 ordine
1020 1918 1131 1957 factis

237 1975 352 2014 Parte
385 1975 431 2014 ab
464 1981 629 2026 utraque
662 1980 831 2028 sonant,
863 1981 902 2015 et
933 1975 1098 2015 odorant
1129 1979 1218 2016 aera
1249 1977 1390 2030 fumis,

151 2041 217 2072 735
239 2033 397 2084 Ictaque
429 2035 628 2073 coniectos
660 2034 856 2073 incalfacit
886 2034 1012 2074 hostia
1045 2035 1216 2075 cultros.

238 2092 395 2143 lamque
428 2098 544 2143 caput
574 2105 708 2132 rerum
726 2124 737 2145 ‚
769 2093 981 2132 Romanam
1013 2095 1225 2134 intraverat
1255 2093 1418 2134 urbem:

239 2150 414 2201 Erigitur
445 2163 638 2204 serpens,
671 2164 903 2203 summoque
935 2151 1096 2191 acclinia
1128 2152 1228 2192 malo

239 2208 343 2248 Colla
376 2215 533 2262 movet,
565 2209 758 2261 sedesque
790 2210 866 2250 sibi
898 2212 1165 2263 circumspicit
1197 2217 1327 2263 aptas.

238 2267 438 2307 Scinditur
469 2269 509 2306 in
540 2271 713 2320 geminas
744 2275 876 2321 partes
907 2270 1161 2310 circumfluus
1193 2272 1340 2323 amnis,

151 2333 218 2365 740
238 2325 366 2366 Insula
398 2338 540 2365 nomen
572 2326 716 2379 habet3
748 2328 992 2381 laterumque
1024 2341 1045 2368 e
1076 2334 1186 2382 parte
1219 2329 1387 2368 duorum
