1527 2580
605 94 637 131 X
652 123 660 140 ‚
687 99 849 131 71-144
863 124 871 131 .
992 107 1197 131 crruussus
1310 93 1388 136 199

173 205 248 252 Qui
280 205 467 245 citharam
499 207 629 245 nervis
661 212 700 245 et
732 207 861 245 nervis
892 211 1085 257 temperat
1116 216 1273 244 arcum.

172 264 346 315 Namque
378 276 488 303 sacer
519 265 699 315 nymphis
731 264 918 304 Carthaea
949 263 1174 303 tenentibus
1206 275 1294 302 arva

86 331 152 362 110
171 322 312 374 Ingens
344 334 485 362 cervus
517 329 629 375 erat,
660 323 814 374 lateque
841 323 1065 375 patentibus
1097 322 1192 361 altas

171 381 258 433 Ipse
290 393 361 421 suo
393 379 511 433 capiti
541 381 753 433 praebebat
783 382 969 421 cornibus
999 380 1180 421 umbras.

172 439 327 479 Cornua
359 440 558 491 fulgebant
589 452 713 493 auru,
746 440 991 492 demissaque
1023 442 1062 479 in
1095 451 1223 478 armos

170 498 399 538 Pendebant
429 501 546 538 tereti
577 505 768 550 gemmata
800 500 956 538 monilia
989 499 1110 538 collo.

171 556 280 596 Bulla
312 569 431 609 super
463 558 633 597 frontem
665 559 794 610 parvis
820 564 1002 610 argentea
1034 558 1128 596 loris

87 624 150 655 115
171 615 307 655 Vincta
338 615 567 655 movebatur
590 648 602 670 ,
631 617 824 669 parilique
857 623 1010 656 aetate:
1042 615 1219 655 nitebant

170 673 342 714 Auribus
373 687 395 714 e
427 677 592 727 geminis
626 677 774 715 circum
807 688 898 715 cava
929 682 1105 727 tempora
1136 674 1276 714 bacae.

170 733 286 784 Isque
317 739 424 772 metu
456 746 602 773 vacuus
633 734 879 786 naturalique
910 747 1053 786 pavore

171 791 355 844 Deposito
388 792 587 832 celebrare
620 793 785 846 domos,
816 793 1099 844 mulcendaque
1132 791 1230 831 colla

172 850 394 896 Quamlibet
424 853 567 903 ignotis
599 852 778 892 manibus
810 852 1001 904 praebere
1033 850 1204 890 solebat.

85 917 150 948 120
172 909 248 948 Sed
279 915 410 949 tamen
443 917 533 949 ante
565 910 689 963 alios,
722 910 820 950 Ceae
852 911 1117 962 pulcherrime
1149 910 1299 961 gentis,

171 967 314 1007 Gratus
347 974 460 1021 erat,
492 968 698 1020 Cyparisse
717 1001 728 1022 ,
761 969 860 1008 tibi.
900 975 942 1009 tu
974 969 1115 1021 pabula
1146 979 1306 1007 cervum

169 1026 226 1065 Ad
258 1038 386 1079 nova,
417 1032 459 1066 tu
492 1026 628 1078 liquidi
661 1027 831 1067 ducebas
863 1028 982 1067 sontis
1014 1028 1061 1066 ad
1092 1026 1259 1066 undam:

170 1084 230 1124 Tu
262 1085 376 1124 modo
409 1086 568 1125 texebas
601 1088 728 1125 varios
759 1099 831 1138 per
863 1098 1010 1125 cornua
1042 1086 1183 1137 flores,

170 1143 283 1183 Nunc
315 1156 436 1195 eques
467 1146 508 1183 in
539 1151 650 1196 tergo
683 1146 860 1184 residens
892 1145 969 1185 huc
999 1145 1124 1184 laetus
1157 1150 1196 1183 et
1225 1143 1318 1183 illuc

86 1210 150 1241 125
171 1201 299 1241 Mollia
330 1205 542 1254 purpureis
573 1203 753 1242 frenabas
786 1216 854 1242 ora
886 1205 1088 1255 capistris.

170 1262 311 1300 Aestus
344 1267 456 1313 erat,
488 1261 719 1313 mediusque
752 1262 864 1314 dies;
898 1262 1068 1313 solisque
1100 1273 1242 1313 vapore

172 1319 346 1359 Concava
376 1319 506 1359 litorei
538 1320 741 1359 fervebant
770 1320 953 1359 bracchia
986 1319 1148 1359 Cancri:

171 1378 316 1417 Fessus
347 1379 386 1417 in
418 1378 585 1418 herbosa
616 1381 749 1431 posuit
780 1391 850 1419 sua
882 1391 1047 1430 corpora
1078 1384 1184 1417 terra

173 1436 320 1476 Cervus
338 1468 350 1490 ,
381 1442 422 1476 et
452 1437 615 1476 arborea
647 1439 771 1489 frigus
803 1437 972 1477 ducebat
1002 1437 1049 1476 ab
1081 1436 1241 1476 umbra.

87 1503 151 1534 130
171 1495 286 1534 Hunc
316 1507 416 1547 puer
447 1496 665 1548 inprudens
695 1496 822 1535 iaculo
855 1496 1085 1548 Cyparissus
1117 1501 1231 1534 acuto

172 1553 304 1593 Fixit:
335 1560 376 1593 et
398 1560 444 1594 ut
475 1567 589 1594 saevo
622 1556 857 1594 morientem
888 1554 1050 1594 vulnere
1081 1554 1201 1606 vidit,

171 1611 276 1651 Velle
303 1614 403 1652 mori
435 1615 598 1652 statuit.
639 1626 738 1665 quae
770 1626 849 1653 non
881 1613 1023 1652 solacia
1054 1612 1238 1652 Phoebus

172 1670 305 1723 Dixit,
337 1676 376 1710 at
406 1671 556 1710 utiliter
586 1684 659 1724 pro
691 1674 932 1723 materiaque
964 1671 1139 1724 doleret,

172 1729 412 1769 Admonuit!
444 1732 564 1782 gemit
594 1730 659 1769 ille
689 1735 821 1769 tamen
840 1762 852 1783 ,
883 1742 1107 1781 munusque
1139 1741 1368 1781 supremum

86 1795 152 1828 135
174 1787 257 1827 Hoc
288 1790 388 1840 petit
418 1800 439 1827 a
470 1790 626 1840 superis
644 1820 656 1842 ,
686 1795 731 1828 ut
762 1795 939 1840 tempore
970 1789 1102 1840 lugeat
1132 1789 1260 1828 omni.

173 1846 332 1898 Iamque
350 1879 361 1900 ,
392 1859 464 1899 per
495 1849 694 1887 inmensos
727 1853 860 1899 egesto
893 1848 1081 1898 sanguine
1113 1846 1253 1899 ssetus,

172 1905 215 1945 In
248 1905 411 1944 viridem
442 1908 542 1945 verti
574 1912 791 1958 coeperunt
821 1906 995 1945 membra
1027 1905 1222 1956 colorem,

174 1963 243 2014 [Et
266 1965 381 2003 modo
414 1966 482 2016 qui
513 1966 623 2004 nivea
654 1964 878 2016 pendebant
909 1965 1037 2003 fronte
1069 1963 1197 2016 capilli
1208 1962 1239 2016 ,]

174 2022 340 2061 Horrida
372 2025 565 2062 caesaries
596 2024 711 2076 fieri,
743 2029 978 2075 sumptoque
1009 2024 1140 2074 rigore

89 2088 153 2120 140
175 2080 380 2120 Sidereum
412 2082 546 2133 gracili
577 2088 756 2134 spectare
788 2083 990 2121 cacumine
1021 2080 1193 2121 caelum.
1233 2089 1260 2117 1·
1280 2089 1384 2116 cxliiii

175 2139 398 2192 Ingemuit,
428 2141 633 2191 tristisque
666 2141 763 2180 deus
796 2137 996 2192 ‘lugebere
1027 2139 1164 2192 nobis,

173 2197 423 2249 Lugebisque
455 2198 550 2238 alios
568 2230 579 2251 ,
610 2199 817 2250 aderisque
849 2195 1087 2238 dolentibus’
1118 2199 1269 2249 inquit.

233 2256 325 2295 Tale
357 2268 496 2296 nemus
527 2263 635 2296 vates
667 2263 906 2310 attraxerat,
937 2258 1057 2310 inque
1089 2257 1263 2296 serarum

176 2313 348 2354 Concilio
380 2315 533 2355 medius
565 2315 680 2355 turba
711 2315 995 2369 volucrumque
1026 2314 1209 2356 sedebat.
