1554 2506
90 78 171 120 126
314 91 496 114 ΒοΒΕΔῡΑΕ
639 77 853 112 ΜΕΤΑΜΜ
867 103 875 111 .

204 189 377 228 Sollicito
410 200 542 227 manes
574 193 778 238 totumque
811 188 1049 228 tremoribus
1080 189 1238 230 orbem.

116 256 182 288 700
202 247 282 287 Hac
314 260 387 299 ope
420 247 632 286 debueram
664 245 852 285 thalamos
885 248 1074 300 petiisse;
1106 260 1298 301 socerque

202 306 288 346 Non
321 306 491 345 orandus
523 311 636 357 erat,
667 305 703 343 vi
736 305 804 344 sed
836 305 1037 345 faciendus
1070 306 1316 348 Erechtheus
1332 307 1354 349 .’

203 365 307 404 Haec
338 364 483 403 Boreas
516 368 583 402 aut
614 363 674 402 his
707 375 785 402 non
817 365 1005 403 inferiora
1036 365 1192 406 locutus

201 423 386 463 Excussit
415 433 564 474 pennas
583 453 594 474 ‚
626 434 793 473 quarum
825 422 1031 463 iactatibus
1065 426 1192 464 omnis

203 463 352 579 Adqata
384 486 445 520 est
474 480 590 521 tellus
622 481 820 533 latumque
852 482 1082 534 perhorruit
1113 496 1286 535 aequor:

116 548 181 580 705
202 541 259 580 Pu
280 551 510 591 vereamque
543 539 703 579 trahens
721 553 793 592 per
824 553 976 580 summa
1008 544 1209 582 cacumina
1241 543 1379 594 pallam

203 599 332 638 Verrit
363 599 555 651 humum,
586 599 842 651 pavidamque
876 606 982 639 metu
1015 601 1179 653 caligine
1212 607 1339 642 tectus

203 658 406 709 Orithyian
438 669 572 697 amans
603 657 718 697 fulvis
750 658 999 710 amplectitur
1031 659 1121 699 alis.

203 716 302 756 Dum
334 716 466 769 volat,
498 722 682 756 arserunt
713 718 847 768 agitati
879 717 1020 757 fortius
1052 719 1185 769 ignes.

201 775 282 815 Nec
313 777 423 827 prius
456 776 552 814 aerii
584 787 725 814 cursus
757 775 978 827 subpressit
1008 776 1203 830 habenas,

115 841 181 875 710
203 834 328 880 Quam
360 834 551 873 Ciconum
581 835 709 873 tenuit
738 834 905 886 populos
938 840 978 875 et
1008 838 1160 875 moenia
1194 843 1348 889 raptor.

202 893 284 932 Illic
316 899 355 932 et
385 893 502 944 gelidi
534 894 704 932 coniunx
735 893 877 934 Actaea
910 896 1064 945 tyranni

201 952 251 991 Et
276 954 454 1004 genetrix
487 952 587 991 facta
618 957 707 1005 est,
738 957 875 1003 partus
907 954 1020 992 enixa
1052 953 1261 1007 gemellos,

203 1010 343 1050 Cetera
375 1012 442 1062 qui
473 1012 608 1050 matris
627 1042 638 1063 ,
669 1023 817 1062 pennas
849 1013 1039 1062 genitoris
1066 1012 1279 1051 haberent.

201 1069 287 1109 Non
306 1075 436 1108 tamen
456 1069 525 1108 has
545 1081 622 1108 una
641 1076 861 1108 memorant
880 1082 970 1109 cum
990 1082 1155 1123 corpore
1176 1077 1285 1110 natas
1299 1086 1307 1123 ς
1323 1080 1345 1105 s.
1360 1088 1425 1107 xcv.

115 1135 180 1167 715
201 1128 405 1179 Barbaque
438 1128 531 1167 dum
562 1127 692 1167 rutilis
724 1127 859 1167 aberat
884 1128 1049 1168 subnixa
1082 1129 1252 1183 capillis,

201 1187 401 1239 Inplumes
435 1186 637 1237 Calaisque
669 1199 769 1238 puer
801 1186 994 1239 Zetesque
1026 1188 1215 1228 fuerunt.

201 1246 290 1285 Mox
320 1246 469 1297 pariter
499 1257 651 1297 pennae
682 1247 762 1285 ritu
795 1258 961 1297 coepere
992 1246 1196 1286 volucrum

202 1304 368 1356 Cingere
399 1310 612 1356 utrumque
644 1303 774 1357 latus,
805 1306 952 1356 pariter
984 1304 1192 1345 flavescere
1225 1307 1370 1346 malae.

202 1362 305 1414 Ergo
337 1362 407 1404 ubi
439 1364 635 1402 concessit
665 1369 820 1415 tempus
852 1363 1004 1415 puerile
1036 1366 1239 1418 iuventae,

116 1430 183 1462 '120
204 1421 355 1469 Vellera
387 1434 476 1461 cum
508 1421 649 1473 Minyis
680 1422 803 1461 nitido
836 1422 1024 1462 radiantia
1055 1422 1144 1462 villo

201 1480 278 1521 Per
309 1492 416 1520 mare
449 1492 526 1520 non
553 1485 690 1519 notum
721 1482 844 1532 prima
871 1483 1020 1533 petiere
1054 1483 1208 1521 carina.

477 1735 662 1789 LIBER
699 1734 1031 1791 SEPTIMUS.

203 1832 359 1886 lamque
392 1834 537 1874 fretum
569 1834 719 1886 Minyae
749 1833 943 1885 Pagasaea
974 1846 1105 1887 puppe
1137 1834 1345 1875 secabant:

202 1892 476 1944 Perpetuaque
509 1892 668 1932 trahens
699 1894 856 1944 inopem
888 1893 961 1932 sub
993 1899 1124 1939 nocte
1141 1900 1337 1933 senectam

203 1950 376 1990 Phineus
408 1952 515 1991 visus
547 1957 660 2005 erat,
690 1953 931 2003 iuvenesque
963 1951 1155 2003 Aquilone
1187 1954 1309 1992 creati

204 2009 404 2061 virgineas
435 2010 614 2050 volucres
646 2011 780 2050 miseri
812 2012 917 2050 senis
949 2022 1016 2049 ore
1050 2010 1252 2062 fugarant:

162 2076 182 2106 5
202 2067 400 2120 Multaque
432 2070 611 2121 perpessi
643 2069 747 2108 claro
780 2068 853 2109 sub
886 2068 1021 2108 Iasone
1054 2069 1211 2108 tandem

204 2127 459 2178 Contigerant
489 2127 644 2180 rapidas
676 2127 803 2168 limosi
834 2127 1022 2167 Phasidos
1055 2128 1204 2167 undas:

204 2185 384 2237 Dumque
416 2185 560 2226 adeunt
591 2198 725 2238 regem
756 2186 1002 2238 Phrixeaque
1034 2186 1176 2226 vellera
1206 2193 1397 2240 poscunt,

133 2266 183 2272 —-
204 2244 336 2296 Usque
369 2244 483 2284 datur
515 2247 691 2284 numeris
723 2257 954 2297 magnorum
985 2244 1180 2285 horrenda
1212 2244 1415 2286 laborum.

205 2302 385 2355 Concipit
414 2304 565 2343 interea
596 2303 741 2343 validos
773 2305 927 2343 Aeetias
959 2305 1069 2357 ignes
