1554 2506
155 83 238 127 182
377 96 572 120 ‹zama-ms
704 81 918 117 METAMM
933 111 940 118 .

269 193 472 235 Tendebat
503 194 670 245 gravitas
702 198 859 232 uterum
892 192 986 232 mihi
1004 224 1015 246 ‚
1047 192 1230 245 quodque
1263 192 1459 246 ferebam,

269 254 439 293 Tantum
472 258 583 304 erat,
615 257 659 290 ut
689 263 826 302 posses
858 257 1059 291 auctorem
1091 252 1222 291 dicere
1253 253 1348 291 tecti

269 312 462 352 Ponderis
495 322 581 349 esse
613 310 772 349 lovem.
811 322 884 350 nec
915 312 991 350 iam
1023 310 1191 350 tolerare
1223 310 1377 350 labores

182 380 249 412 290
269 371 442 410 Ulterius
473 375 679 421 poteram.
719 371 813 420 quin
845 381 950 409 nunc
982 380 1138 420 quoque
1164 369 1330 420 frigidus
1362 374 1495 422 artus,

262 430 369 532 Puni
396 429 536 479 loquor
555 459 566 481 ‚
597 427 739 466 horror
765 428 881 467 habet
900 460 911 481 ‚
943 440 1112 480 parsque
1139 433 1200 468 est
1223 429 1448 467 meminisse

281 484 292 510 s
1327 486 1495 526 doloris.

271 548 432 599 Septem
464 559 535 598 ego
567 558 638 598 per
670 552 806 586 noctes
824 578 835 599 ‚
867 546 1030 586 totidem
1063 547 1236 586 cruciata
1267 545 1429 598 diebus,

269 606 388 645 Fessa
420 605 554 657 malis,
586 605 830 656 tendensque
864 606 911 645 ad
938 605 1088 645 caelum
1114 605 1296 644 bracchia
1315 636 1326 657 ,
1358 616 1495 656 magno

271 665 461 703 Lucinam
492 664 690 715 Nixosque
723 671 854 715 patres
887 664 1055 703 clamore
1086 663 1294 703 vocabam.

183 733 249 764 295
271 723 337 762 llla
369 723 528 774 quidem
559 725 693 775 venit,
727 724 794 761 sed
826 728 1138 776 praecorrupta,
1169 734 1380 774 meumque

273 783 380 828 Quae
412 782 560 821 donare
593 788 710 833 caput
741 781 881 821 Iunoni
911 781 1027 821 vellet
1057 783 1237 833 iniquae.

271 841 399 892 thue
432 852 541 880 meos
574 840 682 880 audit
713 842 881 892 gemitus
900 872 911 894 ,
942 840 1121 880 subsedit
1150 842 1191 880 in
1222 840 1286 879 illa

271 902 370 939 Ante
403 900 508 939 fores
540 912 635 952 ara,
668 900 886 950 dextroque
918 911 939 938 a
969 899 1116 952 poplite
1147 899 1298 939 laevum

271 959 413 998 Pressa
445 970 549 1009 genu
581 965 621 997 et
651 958 783 1010 digitis
815 960 919 998 inter
951 971 993 998 se
1024 960 1181 1011 pectine
1212 959 1357 998 iunctis

185 1027 252 1058 300
275 1017 472 1057 Sustinuit
502 1023 666 1069 partus.
699 1018 816 1056 tacita
847 1029 1004 1069 quoque
1037 1018 1209 1056 carmina
1240 1029 1333 1055 voce

272 1077 406 1129 Dixit,
439 1083 478 1115 et
508 1078 712 1127 incoeptos
742 1081 958 1116 tenuerunt
990 1078 1162 1115 earmina
1192 1081 1351 1127 partus.

273 1135 386 1174 Nitor
404 1166 415 1187 ‚
448 1141 488 1173 et
518 1136 671 1186 ingrato
698 1135 797 1174 facio
830 1136 1004 1174 convicia
1036 1135 1197 1174 demens

274 1193 378 1233 Vana
410 1193 519 1245 Iovi,
553 1194 747 1245 cupioque
780 1195 910 1246 mori,
942 1199 1176 1245 moturaque
1208 1193 1329 1232 duros

272 1251 399 1292 Verba
432 1264 577 1303 queror
610 1252 739 1291 silices
759 1284 768 1292 .
806 1258 952 1292 matres
985 1251 1213 1292 Cadmeides
1245 1252 1410 1304 adsunt,

185 1319 253 1353 305
273 1310 449 1362 Votaque
481 1311 702 1362 suscipiunt
720 1343 730 1364 ,
763 1311 1100 1363 exhortanturque
1132 1310 1351 1350 dolentem.

273 1370 357 1409 Una
389 1371 658 1409 ministrarum
677 1402 687 1421 ‚
720 1370 846 1409 media
878 1371 926 1410 de
957 1369 1070 1422 plebe
1089 1402 1100 1423 ,
1132 1369 1352 1422 Galanthis‚

273 1429 388 1468 Flava
421 1440 551 1467 comas
570 1460 581 1481 ‚
613 1428 775 1482 aderat,
809 1429 996 1469 faciendis
1030 1435 1192 1468 strenua
1222 1430 1364 1481 iussis,

274 1487 423 1527 Officiis
455 1486 596 1526 dilecta
629 1488 738 1527 suis.
783 1499 828 1526 ea
859 1489 983 1527 sensit
1012 1489 1146 1539 iniqua

274 1546 415 1585 Nescio
448 1546 541 1597 quid
573 1546 722 1585 Iunone
754 1548 867 1598 geri:
899 1546 1070 1598 dumque
1103 1548 1182 1586 exit
1214 1552 1253 1586 et
1284 1548 1404 1586 intrat

186 1613 253 1645 310
275 1605 399 1656 Saepe
431 1605 536 1644 sores
555 1637 566 1658 ‚
598 1605 723 1645 divam
754 1605 994 1645 residentem
1025 1605 1120 1645 vidit
1150 1607 1192 1645 in
1223 1617 1289 1644 ara

273 1663 542 1715 Bracchiaque
574 1665 614 1702 in
646 1663 812 1715 genibus
845 1664 976 1715 digitis
1009 1676 1156 1703 conexa
1187 1670 1411 1717 tenentem,

273 1723 323 1762 Et
349 1719 654 1774 “quaecumque
675 1734 716 1762 es
735 1719 762 1776 ,⁹
794 1724 848 1762 ait
867 1720 1061 1762 ‘dominae
1082 1729 1236 1775 gratare
1257 1754 1265 1762 .
1298 1723 1420 1762 levata
1441 1728 1497 1761 est

274 1780 426 1832 Argolis
458 1781 672 1834 Alcmene,
703 1783 932 1833 potiturque
962 1794 1159 1834 puerpera
1184 1788 1274 1822 voto
1288 1778 1329 1821 .”

273 1840 469 1892 Exsiluit,
501 1842 734 1891 iunctasque
766 1853 904 1880 manus
934 1841 1134 1892 pavefacta
1163 1842 1316 1880 remisit

188 1907 253 1938 315
276 1898 367 1937 Diva
399 1904 540 1950 potens
573 1900 705 1938 uteri:
738 1899 874 1938 vinclis
906 1890 1147 1952 levor'sffl»
1159 1901 1357 1939 remissis.

275 1957 444 1996 Numine
476 1957 640 2009 decepto
674 1959 808 1997 risisse
842 1957 1070 1998 Galanthida
1102 1959 1202 1998 sama
1234 1965 1316 1998 est.

274 2015 482 2055 Ridentem
512 2028 774 2068 prensamque
806 2018 902 2069 ipsis
935 2017 1006 2056 dea
1038 2029 1150 2058 saeva
1181 2017 1329 2070 capillis

276 2073 439 2127 Traxit,
472 2080 511 2114 et
542 2087 563 2114 e
596 2081 702 2115 terra
734 2088 878 2128 corpus
910 2076 1084 2116 relevare
1115 2076 1311 2117 volentem

280 2134 446 2185 Arcuit,
478 2134 597 2184 inque
629 2134 749 2185 pedes
781 2136 944 2174 mutavit
975 2135 1157 2175 bracchia
1187 2137 1358 2188 primos.

185 2199 254 2231 320
277 2191 499 2230 Strenuitas
532 2194 690 2243 antiqua
722 2199 881 2246 manet3
913 2206 986 2233 nec
1017 2200 1125 2245 terga
1158 2195 1330 2234 colorem

275 2251 450 2289 Amisere
483 2262 627 2290 suum:
660 2252 783 2291 forma
816 2259 875 2292 est
908 2252 1059 2292 diversa
1090 2255 1235 2305 priori.

276 2308 383 2354 Quae
417 2310 505 2361 quia
539 2309 715 2349 mendaci
745 2312 963 2363 parientem
994 2313 1145 2352 iuverat
1174 2324 1267 2367 ore,
1297 2321 1326 2348 t.
1345 2320 1499 2348 cxxxviii.
