1554 2506
89 70 144 110 44
299 81 478 104 acuente
638 65 851 101 METAMM
867 94 873 101 .

120 178 453 230 8001nspiratque
487 189 632 216 nocens
665 177 771 214 virus
803 177 1036 226 piceumque
1067 187 1138 226 per
1170 185 1256 214 ossa

207 237 375 288 Dissipat
409 242 448 275 et
479 235 606 274 medio
639 235 786 285 spargit
817 233 1000 285 pulmone
1034 245 1250 272 venenum.

208 294 330 345 [Neve
363 294 451 332 mali
484 304 622 332 causae
654 294 823 344 spatium
853 304 925 344 per
955 291 1070 330 latius
1103 297 1236 330 errent
1249 290 1277 343 ,]

207 353 437 392 Germanam
469 357 557 390 ante
589 350 723 389 oculos
756 351 1076 401 fortunatumque
1108 351 1256 388 sororis

207 412 438 461 Coniugium
469 409 710 461 pulchraque
742 409 858 448 deum
891 409 963 448 sub
995 411 1162 459 imagine
1193 410 1326 459 ponit,

119 479 184 510 805
207 470 432 519 Cunctaque
465 479 603 519 magna
635 468 726 506 facit
745 499 753 506 .
793 467 935 519 quibus
968 469 1117 506 irritata
1137 499 1148 519 ‚
1179 466 1313 505 dolore

208 528 391 578 Cecropis
424 526 577 565 occulto
611 526 814 565 mordetur
847 533 885 565 et
917 527 1028 564 anxia
1060 531 1199 577 nocte,

207 587 326 624 Anxia
359 585 444 624 luce
477 586 625 637 gemit,
659 584 840 636 lentaque
873 586 1091 623 miserrima
1123 583 1211 623 tabe

208 644 411 696 Liqllitur,
442 649 487 682 ut
518 643 660 694 glacies
692 645 840 682 inserto
873 645 1002 682 saucia
1036 643 1141 694 sole3

206 702 425 753 Felicisque
457 701 571 740 bonis
603 714 681 740 non
712 701 840 740 lenius
873 703 1001 740 uritur
1032 700 1201 753 Herses,

119 769 186 801 810
208 761 333 807 Quam
365 771 454 799 cum
486 762 656 811 spinosis
686 761 787 811 ignis
819 759 1055 815 subponitur
1079 759 1236 811 herbis,

208 820 314 865 Quae
342 831 469 870 neque
496 818 589 858 dant
614 819 786 857 flammas
806 849 816 870 ‚
847 817 1004 869 lenique
1025 824 1160 869 tepore
1181 822 1430 858 cremantur.

211 878 334 929 Saepe
366 879 467 916 mori
499 877 649 930 voluit,
682 889 730 916 ne
764 878 972 928 quicquam
1004 875 1078 915 tale
1110 876 1283 928 videret3

210 936 332 987 Saepe
364 936 469 975 velut
500 937 648 974 crimen
680 936 805 986 rigido
838 947 998 974 narrare
1030 936 1206 986 parenti:

209 995 384 1045 Denique
416 996 456 1032 in
489 994 650 1033 adverso
683 995 905 1033 venientem
936 993 1068 1032 limine
1102 993 1202 1032 sedit

121 1061 187 1093 815
209 1053 427 1092 Exclusura
459 1053 576 1092 deum
596 1084 604 1092 .
643 1054 706 1091 cui
737 1052 1001 1091 blandimenta
1031 1060 1250 1103 precesque

212 1110 413 1162 Verbaque
445 1112 604 1150 iactanti
629 1112 833 1150 mitissima
867 1107 1016 1149 ‘desine
1035 1107 1062 1162 ‚'
1095 1110 1192 1148 dixit

211 1168 324 1208 ‘Hinc
357 1181 428 1220 ego
461 1181 522 1208 me
555 1181 633 1208 non
665 1181 753 1208 sum
785 1170 861 1207 nisi
894 1174 931 1207 te
965 1174 1119 1207 motura
1150 1168 1308 1219 repulso
1325 1165 1349 1207 .’

210 1225 400 1267 ‘Stemus'
433 1229 485 1266 ait
517 1223 661 1278 ‘pacto’
693 1227 803 1266 velox
836 1226 1032 1278 Cyllenius
1065 1224 1196 1279 ‘isto‚'

211 1286 462 1337 Caelatasque
496 1286 600 1324 fores
633 1287 738 1336 virga
769 1286 983 1337 patefecit:
1015 1291 1055 1324 at
1083 1285 1139 1324 illi

123 1353 191 1385 820
213 1344 384 1395 Surgere
417 1346 573 1383 conanti
604 1350 736 1395 partes
769 1355 1036 1395 quascumque
1062 1343 1234 1383 sedendo

211 1403 422 1442 Flectimus
441 1434 452 1455 ,
483 1404 618 1453 ignava
644 1408 847 1453 nequeunt
878 1404 1064 1453 gravitate
1091 1404 1261 1441 moveri.

211 1461 277 1500 llla
310 1461 468 1512 quidem
499 1467 648 1512 pugnat
678 1467 786 1499 recto
820 1473 861 1499 se
893 1460 1071 1500 attollere
1103 1466 1268 1513 trunco,

212 1520 288 1559 Sed
321 1531 492 1571 genuum
524 1521 706 1558 iunctura
739 1520 868 1572 riget,
900 1519 1103 1570 frigusque
1135 1526 1374 1571 perurguet.

212 1577 391 1628 [Labitur
409 1609 421 1630 ‚
452 1584 491 1616 et
516 1577 661 1629 pallent
693 1579 835 1616 amisso
867 1579 1055 1628 sanguine
1087 1589 1207 1616 venae
1222 1577 1250 1628 .]

125 1645 190 1676 825
211 1636 339 1687 thue
365 1636 509 1675 malum
541 1636 617 1674 late
649 1635 749 1674 solet
778 1635 1048 1675 inmedicabile
1082 1647 1223 1675 cancer

214 1694 381 1746 Serpere
401 1726 411 1746 ‚
437 1700 477 1733 et
507 1694 658 1733 illaesas
690 1695 833 1733 vitiatis
867 1694 1008 1733 addere
1040 1700 1194 1747 partes,

214 1753 278 1792 Sic
309 1753 434 1792 letalis
465 1753 590 1792 hiems
621 1752 806 1804 paulatim
838 1754 877 1791 in
909 1759 1069 1804 pectora
1101 1755 1207 1792 venit

212 1811 434 1862 vitalesque
467 1813 546 1850 vias
579 1817 618 1850 et
648 1812 905 1862 respiramina
936 1811 1098 1850 clausit.

211 1869 292 1908 Nec
325 1875 459 1908 conata
492 1869 600 1920 loqui
632 1876 719 1921 est,
751 1882 824 1908 nec
843 1901 853 1921 ‚
886 1871 919 1908 si
951 1870 1283 1935 coan11isset,

125 1937 192 1968 830
212 1927 325 1966 Vocis
356 1927 523 1967 habebat
554 1930 629 1966 iter
649 1959 657 1967 .
697 1940 832 1966 saxum
864 1929 939 1966 iam
972 1927 1068 1966 colla
1102 1927 1280 1978 tenebat,

217 1985 372 2037 Oraque
406 1986 652 2037 duruerant,
683 1988 918 2037 signumque
951 1997 1145 2037 exsangue
1178 1985 1359 2025 sedebat.

214 2043 293 2083 Nec
314 2044 410 2096 lapis
431 2044 540 2083 albus
560 2051 667 2084 erat:
694 2056 763 2084 sua
783 2056 894 2083 mens
914 2044 1105 2084 infecerat
1123 2044 1249 2083 illam.
1309 2053 1338 2079 t.
1358 2060 1433 2081 xxv.

273 2102 350 2140 Has
382 2102 450 2140 ubi
480 2102 691 2142 verborum
722 2115 868 2154 poenas
900 2105 1121 2154 mentisque
1153 2103 1338 2154 profanae

216 2160 328 2212 Cepit
358 2160 624 2212 Atlantiades,
657 2161 779 2200 dictas
812 2173 832 2200 a
863 2161 1016 2201 Pallade
1048 2168 1174 2200 terras

127 2227 193 2259 835
215 2218 375 2269 Linquit
407 2225 446 2257 et
476 2218 696 2269 ingreditur
727 2221 878 2259 iactatis
910 2220 1068 2259 aethera
1099 2221 1262 2272 pennis,

217 2277 381 2316 Sevocat
412 2277 517 2316 hunc
549 2278 731 2327 genitor.
771 2290 843 2317 nec
876 2290 1033 2318 causam
1065 2278 1192 2318 fassus
1225 2278 1366 2317 amoris
