1527 2580
636 68 720 103 XIV
735 96 744 113 ,
770 72 953 104 351-421
971 95 977 102 .
1133 80 1230 103 ιἰουε
1391 65 1476 108 293

165 186 235 219 385
256 175 429 231 Rebus,'
461 179 514 218 ait
546 175 630 217 ‘sed
657 190 788 218 amans
821 185 861 218 et
892 178 994 217 laesa
1025 184 1063 216 et
1096 178 1238 216 semina
1270 175 1382 216 Circe
1396 172 1476 227 !''']

256 237 356 277 Tum
387 236 448 276 bis
479 237 526 276 ad
559 249 721 276 occasus
740 269 750 289 ,
782 236 841 276 bis
874 249 915 276 se
947 238 1140 276 convertit
1171 235 1217 274 ad
1249 242 1383 286 ortus,

255 295 334 334 Ter
365 297 547 335 iuvenem
578 295 716 335 baculo
749 297 904 347 tetigit,
936 297 1011 334 tria
1043 296 1214 334 carmina
1246 293 1364 333 dixit.

256 353 324 393 llle
356 354 456 406 fugit
473 386 484 407 ,
516 353 585 393 sed
617 366 659 393 se
691 353 804 393 solito
837 353 1009 393 velocius
1040 355 1124 405 ipse

256 412 427 452 Currere
459 414 651 452 miratur.
689 424 837 464 pennas
869 414 909 451 in
941 424 1105 463 corpore
1138 411 1254 451 vidit:
1339 418 1365 445 ί·
1384 417 1475 444 cxcii-

166 479 236 511 390
257 471 387 523 Seque
419 483 558 510 novam
590 470 720 510 subito
753 470 872 510 Latiis
905 471 1092 510 accedere
1125 471 1230 509 silvis

256 529 483 581 Indignatus
515 541 653 581 avem,
685 529 783 568 duro
817 530 898 568 sera
930 529 1072 568 robora
1103 535 1233 568 rostro

256 587 359 640 Figit
376 620 388 641 ,
419 594 460 627 et
489 589 614 627 iratus
646 588 771 639 longis
804 588 868 627 dat
899 587 1060 627 vulnera
1093 589 1232 626 ramis.

257 646 510 698 Purpureum
543 646 755 697 chlamydis
786 658 936 697 pennae
970 652 1124 685 traxere
1158 645 1352 696 colorem3

259 704 396 744 Fibula
434 705 538 756 quod
576 705 705 744 fuerat
722 737 733 758 ‚
764 712 990 756 vestemque
1023 704 1287 744 momorderat
1319 714 1481 753 aurum,

169 771 238 802 395
258 763 395 803 Pluma
427 764 499 816 fit,
531 770 570 803 et
600 763 704 802 fulvo
738 765 868 803 cervix
900 764 1166 815 praecingitur
1199 774 1317 802 auro:

258 821 340 861 Nec
372 823 583 873 quicquam
615 823 765 873 antiqui
796 821 888 861 Pico
922 823 998 861 nisi
1030 823 1187 861 nomina
1218 826 1364 860 restat.

259 880 413 920 Interea
445 882 638 932 comites,
670 880 833 919 clamato
867 892 981 932 saepe
1013 892 1085 931 per
1117 891 1230 931 agros

259 939 506 990 Nequiquam
536 938 629 978 Pico
662 938 845 990 nullaque
877 940 917 978 in
948 945 1058 990 parte
1090 945 1272 990 repert0,

260 997 469 1037 Inveniunt
501 996 640 1036 Circen
659 1029 670 1049 ‚
703 1019 758 1025 —
791 1008 880 1036 nam
910 998 987 1036 iam
1019 1002 1247 1036 tenuaverat
1278 1007 1415 1048 auras,

169 1063 240 1095 400
260 1056 457 1107 Passaque
490 1061 574 1094 erat
606 1055 767 1094 nebulas
799 1057 925 1095 ventis
958 1067 1001 1094 ac
1033 1055 1113 1094 sole
1146 1054 1296 1094 recludi
1322 1075 1378 1081 —

262 1113 580 1164 Criminibusque
612 1120 798 1165 premunt
834 1115 967 1166 veris,
999 1125 1211 1165 regemque
1248 1116 1484 1164 reposcunt,

260 1172 424 1224 Vimque
457 1173 590 1212 ferunt
608 1204 618 1224 ‚
651 1174 854 1223 saevisque
885 1178 1024 1223 parant
1053 1173 1252 1211 incessere
1285 1170 1394 1210 telis.

262 1231 328 1270 illa
359 1243 507 1270 nocens
538 1233 686 1282 spargit
716 1232 823 1270 virus
856 1242 1050 1281 sucosque
1081 1231 1250 1282 veneni,

262 1289 312 1329 Et
342 1289 508 1329 Noctem
539 1289 753 1340 Noctisque
786 1289 880 1328 deos
912 1288 1121 1340 Ereboque
1154 1287 1337 1339 Chaoque

171 1356 241 1387 405
263 1348 458 1388 Convocat
489 1354 529 1387 et
558 1348 684 1400 longis
716 1346 891 1387 Hecaten
922 1347 1135 1387 ululatibus
1167 1353 1274 1386 orat:

263 1406 466 1446 Exsiluere
497 1406 583 1446 loco
616 1429 671 1434 —
703 1406 810 1445 dictu
843 1405 1018 1445 mirabile
1050 1427 1107 1433 --
1139 1405 1280 1457 silvae,

262 1466 536 1517 Ingemuitque
569 1465 694 1504 solum
715 1496 725 1516 ‚
758 1466 960 1516 vicinaque
992 1464 1128 1516 palluit
1159 1463 1299 1515 arbor,

265 1523 486 1575 Sparsaque
518 1525 744 1575 sanguineis
775 1522 1011 1562 maduerunt
1041 1522 1180 1574 pabula
1212 1523 1357 1573 guttis,

264 1581 314 1621 Et
344 1581 492 1633 lapides
524 1583 598 1620 visi
628 1583 800 1632 mugitus
834 1581 951 1620 edere
983 1593 1146 1633 raucos,

175 1647 245 1680 410
264 1639 315 1679 Et
345 1639 487 1679 latrare
521 1651 637 1679 canes
670 1647 709 1678 et
740 1640 883 1678 humus
915 1639 1166 1690 serpentibus
1198 1639 1293 1678 atris

266 1697 454 1750 Squalere
487 1704 528 1737 et
557 1704 698 1737 tenues
730 1699 880 1737 animae
911 1697 1073 1737 volitare
1106 1697 1314 1737 silentum.

265 1758 484 1796 Attonitum
515 1758 701 1795 monstris
732 1756 871 1807 vulgus
902 1762 1044 1808 pavet:
1075 1756 1138 1795 illa
1170 1755 1346 1808 paventis

266 1815 344 1855 Ora
375 1821 564 1854 venenata
597 1816 724 1866 tetigit
753 1816 934 1854 mirantia
965 1816 1094 1867 virga,

266 1873 388 1914 Cuius
419 1873 466 1912 ab
499 1879 644 1913 attactu
677 1875 871 1912 variarum
903 1879 1076 1912 monstra
1109 1873 1281 1912 serarum
1332 1880 1362 1906 1·
1381 1879 1484 1907 exciii·

175 1933 309 1972 4151n
339 1934 501 1972 iuvenes
532 1934 721 1971 veniunt.
761 1931 856 1971 nulli
889 1944 958 1970 sua
990 1933 1132 1970 mansit
1162 1933 1311 1982 imago.

267 1991 474 2042 Sparserat
504 1991 692 2030 occiduus
724 1990 920 2029 Tartessia
950 1990 1066 2029 litora
1095 1989 1301 2041 Phoebus,

265 2049 315 2088 Et
346 2049 492 2088 frustra
523 2051 693 2089 coniunx
726 2048 849 2088 oculis
881 2050 1090 2100 animoque
1122 2047 1306 2088 Canentis

265 2107 505 2160 Expectatus
538 2113 650 2147 erat.
688 2107 822 2146 famuli
853 2107 1101 2160 populusque
1133 2119 1204 2159 per
1236 2117 1371 2145 omnes

266 2165 504 2206 Discurrunt
535 2166 650 2205 silvae
681 2171 798 2218 atque
831 2165 942 2205 obvia
973 2165 1120 2205 lumina
1151 2171 1332 2218 portant.

177 2233 246 2265 420
266 2224 347 2264 Nec
379 2225 473 2264 satis
505 2230 565 2264 est
594 2224 785 2276 nymg'eae
817 2224 911 2263 ssere
945 2230 984 2264 et
1013 2224 1187 2264 lacerare
1220 2222 1377 2275 capillos

265 2283 315 2323 Et
346 2283 438 2323 dare
469 2282 725 2335 plangorem:
756 2283 847 2323 facit
883 2282 980 2324 haec
1017 2289 1147 2324 tamen
1180 2283 1337 2335 omnia,
1369 2291 1489 2333 seque
