1527 2580
557 122 606 157 XI
622 149 633 165 ,
662 125 845 159 127—200
860 150 867 157 .
1030 135 1136 158 mnas
1295 123 1378 165 221

161 232 319 273 Tmolus
351 232 397 272 ad
428 244 472 271 os
504 231 679 284 Phoebi3
720 233 869 271 vultum
901 244 970 271 sua
1003 232 1096 272 silva
1129 239 1262 272 secuta
1295 240 1377 272 est.

75 300 140 331 165
161 292 226 331 llle
259 298 376 344 caput
407 291 548 330 ssavum
581 291 690 330 lauro
722 291 933 330 Parnaside
965 292 1118 331 vinctus

160 350 290 390 Verrit
320 350 482 389 humum
513 349 631 400 Tyrio
664 355 835 389 saturata
867 351 1016 389 murice
1048 350 1169 401 palla:

160 409 459 459 instrictamque
491 407 607 447 fidem
639 410 802 459 gemmis
835 415 874 447 et
905 408 1088 448 dentibus
1120 408 1225 448 Indis

161 467 338 507 Sustinet
369 479 390 506 a
421 467 555 506 laeva:
588 468 716 506 tenuit
746 479 884 506 manus
917 467 1036 506 altera
1068 467 1284 519 plectrum.

159 527 329 565 Artificis
361 531 486 564 status
517 527 601 577 ipse
635 526 736 564 suit.
775 533 859 564 tum
891 528 1056 564 stamina
1088 526 1204 565 docto

74 592 141 625 170
159 584 305 624 Pollice
338 584 548 636 sollicitat,
580 596 749 635 quorum
781 584 986 623 dulcedine
1020 590 1157 636 captus

158 643 263 682 Pana
294 641 405 681 iubet
435 641 596 682 Tmolus
628 642 799 682 citharae
833 645 1078 682 summittere
1113 654 1278 682 cannas.

159 701 351 740 Iudicium
382 702 586 752 sanctique
618 701 746 753 placet
777 703 970 740 sententia
1003 703 1145 741 montis

159 759 351 799 Omnibus
370 790 379 798 .
418 761 595 810 arguitur
626 766 757 799 tamen
789 767 905 810 atque
936 761 1081 799 iniusta
1113 766 1272 799 vocatur

158 817 282 858 Unius
314 829 495 858 sermone
527 817 680 857 Midae.
719 830 792 858 nec
824 818 956 857 Delius
989 830 1105 858 aures

72 885 138 917 175
159 877 375 916 Humanam
408 876 567 915 stolidas
598 878 746 928 patitur
777 878 948 916 retinere
981 878 1170 928 figuram:
1244 886 1272 911 r·
1292 885 1381 911 dxii-

160 935 238 975 Sed
269 935 388 974 trahit
417 936 458 974 in
490 937 658 986 spatium
677 967 688 987 ‚
719 935 897 986 villisque
930 934 1151 975 albentibus
1182 934 1340 988 implet,

158 993 444 1044 instabilesque
476 995 572 1033 imas
604 994 697 1032 sacit
727 1000 767 1032 et
797 994 863 1032 dat
893 1006 1009 1045 posse
1041 995 1213 1033 moveri.

158 1052 298 1092 Cetera
329 1059 422 1091 sunt
453 1051 651 1091 hominis:
687 1058 840 1104 partem
872 1053 1077 1091 damnatur
1109 1054 1150 1092 in
1181 1064 1322 1104 unam,

158 1111 418 1162 induiturque
450 1122 566 1150 aures
598 1110 701 1150 lente
734 1111 948 1163 gradientis
980 1111 1110 1150 aselli.

74 1169 229 1210 180111e
261 1169 420 1220 quidem
452 1169 579 1208 celare
611 1171 720 1220 cupit
738 1200 749 1221 ,
785 1169 988 1221 [turpique
1019 1169 1170 1221 pudore

158 1228 352 1279 Tempora
382 1229 594 1279 purpureis
625 1226 806 1280 temptat]
839 1227 967 1267 velare
1000 1229 1133 1267 tiaris.

159 1287 236 1326 Sed
269 1286 407 1326 solitus
438 1285 575 1337 longos
606 1286 713 1325 ferro
744 1298 924 1326 resecare
957 1286 1117 1338 capillos

158 1344 317 1384 Viderat
346 1344 422 1384 hoc
453 1344 648 1383 famulus.
688 1347 756 1396 qui
787 1357 877 1384 cum
909 1356 982 1384 nec
1013 1344 1182 1396 prodere
1215 1346 1340 1385 visum

159 1403 338 1443 Dedecus
369 1402 562 1455 auderet,
594 1404 757 1454 cupiens
790 1405 930 1444 efferre
963 1403 1036 1443 sub
1070 1415 1207 1456 auras,

73 1470 139 1503 185
159 1462 240 1501 Nec
271 1467 406 1513 posset
436 1463 604 1501 reticere
637 1467 767 1501 tamen
785 1494 797 1515 ,
828 1461 1007 1515 secedit,
1037 1461 1280 1513 humumque

159 1520 333 1574 modu,
364 1525 433 1573 et,
465 1519 612 1559 domini
644 1520 778 1571 quales
811 1522 1008 1573 aspexerit
1038 1532 1177 1573 aures,

158 1578 262 1618 Voce
294 1579 418 1618 refert
447 1590 564 1631 parva
582 1610 594 1631 ,
625 1584 835 1631 terraeque
866 1581 1130 1619 inmurmurat
1160 1579 1344 1632 haustae;

159 1637 431 1689 Indiciumque
463 1649 557 1677 suae
588 1639 695 1677 vocis
726 1637 867 1678 tellure
899 1644 1055 1689 regesta

160 1695 332 1748 Obruit,
364 1701 403 1735 et
433 1695 640 1735 scrobibus
671 1698 814 1736 tacitus
845 1696 1012 1736 discedit
1043 1697 1214 1747 opertis.

75 1764 140 1796 190
161 1754 308 1794 Creber
338 1754 625 1794 harundinibus
657 1754 836 1794 tremulis
867 1754 921 1794 ibi
953 1766 1116 1806 surgere
1148 1754 1262 1794 lucus

161 1813 328 1865 Coepit,
359 1819 427 1866 et,
459 1819 503 1852 ut
532 1814 704 1864 primum
735 1813 850 1865 pleno
882 1814 1074 1852 maturuit
1103 1824 1230 1866 anno,

159 1871 338 1911 Prodidit
369 1871 607 1923 agricolam:
639 1871 717 1911 leni
749 1883 838 1911 nam
869 1876 999 1911 motus
1032 1871 1078 1910 ab
1111 1877 1245 1911 austro

160 1929 311 1970 Obruta
330 1929 448 1970 verba
473 1931 619 1983 refert,
645 1931 871 1982 dominique
891 1931 1068 1982 coarguit
1090 1942 1216 1970 aures.
1242 1939 1268 1966 r.
1283 1939 1383 1968 011111.

218 1988 332 2028 Ultus
363 1988 444 2028 abit
474 1989 610 2028 Tmolo
629 2021 641 2041 ,
671 1989 942 2041 liquidumque
973 2001 1044 2041 per
1076 1992 1166 2028 aera
1196 1997 1331 2032 vectus

77 2057 138 2089 195
162 2049 382 2099 Angustum
413 2049 510 2087 citra
541 2055 705 2100 pontum
737 2048 998 2100 Nepheleidos
1030 2047 1160 2088 Helles

161 2106 461 2146 Laomedonteis
492 2106 651 2146 Latoius
683 2109 806 2147 astitit
837 2109 960 2147 arvis.

161 2164 329 2205 Dextera
362 2164 496 2218 Sigei,
526 2165 692 2205 Rhoetei
722 2167 829 2206 laeva
859 2166 1045 2218 profundi

161 2225 237 2263 Ara
268 2223 539 2276 Panomphaeo
571 2230 684 2264 vetus
716 2231 777 2265 est
808 2230 958 2266 sacrata
988 2225 1180 2266 Tonanti.

161 2281 255 2322 Inde
288 2295 408 2322 novae
440 2285 610 2335 primum
641 2283 770 2324 moliri
801 2286 953 2325 moenia
984 2284 1124 2324 Troiae

76 2349 143 2382 200
162 2340 424 2382 Laomedonta
455 2342 587 2396 videt,
619 2349 878 2396 susceptaque
911 2355 1049 2396 magna
1080 2343 1211 2383 labore
