<?xml version="1.0" encoding="UTF-8"?>
<!DOCTYPE html PUBLIC "-//W3C//DTD XHTML 1.0 Transitional//EN"
    "http://www.w3.org/TR/xhtml1/DTD/xhtml1-transitional.dtd">
<html xmlns="http://www.w3.org/1999/xhtml" xml:lang="en" lang="en">
 <head>
  <title>
</title>
<meta http-equiv="Content-Type" content="text/html;charset=utf-8" />
  <meta name='ocr-system' content='tesseract 3.04.00' />
  <meta name='ocr-capabilities' content='ocr_page ocr_carea ocr_par ocr_line ocrx_word'/>
</head>
<body>
  <div class='ocr_page' id='page_1' title='image "./ovidopera02oviduoft_0216.png"; bbox 0 0 1554 2506; ppageno 0'>
   <div class='ocr_carea' id='block_1_1' title="bbox 101 86 886 136">
    <p class='ocr_par' dir='ltr' id='par_1_1' title="bbox 101 86 886 136">
     <span class='ocr_line' id='line_1_1' title="bbox 101 86 886 136; baseline -0.014 -4"><span class='ocrx_word' id='word_1_1' title='bbox 101 94 184 136; x_wconf 84' lang='lat'>164</span> <span class='ocrx_word' id='word_1_2' title='bbox 291 103 533 128; x_wconf 63' lang='lat' dir='ltr'>manuninum</span> <span class='ocrx_word' id='word_1_3' title='bbox 651 86 863 123; x_wconf 80' lang='lat' dir='ltr'>METAMM</span> <span class='ocrx_word' id='word_1_4' title='bbox 879 115 886 122; x_wconf 89' lang='lat'><em>.</em></span> 
     </span>
    </p>
   </div>
   <div class='ocr_carea' id='block_1_2' title="bbox 130 196 1450 2366">
    <p class='ocr_par' dir='ltr' id='par_1_2' title="bbox 216 196 1380 371">
     <span class='ocr_line' id='line_1_2' title="bbox 216 196 1321 255; baseline -0.007 -12"><span class='ocrx_word' id='word_1_5' title='bbox 216 203 337 255; x_wconf 90' lang='lat' dir='ltr'>quue</span> <span class='ocrx_word' id='word_1_6' title='bbox 369 214 440 254; x_wconf 86' lang='lat' dir='ltr'>ego</span> <span class='ocrx_word' id='word_1_7' title='bbox 473 211 584 252; x_wconf 90' lang='lat' dir='ltr'>passa</span> <span class='ocrx_word' id='word_1_8' title='bbox 617 196 769 237; x_wconf 80' lang='lat' dir='ltr'>forem!</span> <span class='ocrx_word' id='word_1_9' title='bbox 802 198 933 236; x_wconf 82' lang='lat' dir='ltr'>vixisti</span> <span class='ocrx_word' id='word_1_10' title='bbox 965 207 1128 235; x_wconf 89' lang='lat' dir='ltr'>munere</span> <span class='ocrx_word' id='word_1_11' title='bbox 1161 203 1321 249; x_wconf 85' lang='lat' dir='ltr'>nostro;</span> 
     </span>
     <span class='ocr_line' id='line_1_3' title="bbox 216 255 1310 309; baseline -0.007 -7"><span class='ocrx_word' id='word_1_12' title='bbox 216 262 329 302; x_wconf 90' lang='lat' dir='ltr'>Nunc</span> <span class='ocrx_word' id='word_1_13' title='bbox 360 261 500 300; x_wconf 85' lang='lat' dir='ltr'>merito</span> <span class='ocrx_word' id='word_1_14' title='bbox 532 258 701 296; x_wconf 89' lang='lat' dir='ltr'>moriere</span> <span class='ocrx_word' id='word_1_15' title='bbox 733 262 800 295; x_wconf 86' lang='lat' dir='ltr'>tuo</span> <span class='ocrx_word' id='word_1_16' title='bbox 821 287 830 295; x_wconf 89' lang='lat'>.</span> <span class='ocrx_word' id='word_1_17' title='bbox 867 267 962 307; x_wconf 90' lang='lat' dir='ltr'>cape</span> <span class='ocrx_word' id='word_1_18' title='bbox 992 256 1164 307; x_wconf 88' lang='lat' dir='ltr'>praemia</span> <span class='ocrx_word' id='word_1_19' title='bbox 1195 255 1310 309; x_wconf 82' lang='lat' dir='ltr'>facti,</span> 
     </span>
     <span class='ocr_line' id='line_1_4' title="bbox 216 315 1380 371; baseline -0.007 -11"><span class='ocrx_word' id='word_1_20' title='bbox 216 320 360 371; x_wconf 80' lang='lat' dir='ltr'>Bisque</span> <span class='ocrx_word' id='word_1_21' title='bbox 393 318 520 358; x_wconf 83' lang='lat' dir='ltr'>datam</span> <span class='ocrx_word' id='word_1_22' title='bbox 538 348 550 370; x_wconf 84' lang='lat'><em>‚</em></span> <span class='ocrx_word' id='word_1_23' title='bbox 580 317 751 368; x_wconf 90' lang='lat' dir='ltr'>primum</span> <span class='ocrx_word' id='word_1_24' title='bbox 783 320 899 367; x_wconf 86' lang='lat' dir='ltr'>partu</span> <span class='ocrx_word' id='word_1_25' title='bbox 917 346 928 367; x_wconf 89' lang='lat'><em>,</em></span> <span class='ocrx_word' id='word_1_26' title='bbox 960 326 1049 353; x_wconf 83' lang='lat' dir='ltr'>mox</span> <span class='ocrx_word' id='word_1_27' title='bbox 1081 315 1213 365; x_wconf 82' lang='lat' dir='ltr'>stipite</span> <span class='ocrx_word' id='word_1_28' title='bbox 1245 319 1380 366; x_wconf 76' lang='lat' dir='ltr'>rapto,</span> 
     </span>
    </p>

    <p class='ocr_par' dir='ltr' id='par_1_3' title="bbox 130 371 1440 663">
     <span class='ocr_line' id='line_1_5' title="bbox 130 371 1420 425; baseline -0.007 -5"><span class='ocrx_word' id='word_1_29' title='bbox 130 389 195 420; x_wconf 77' lang='lat'>505</span> <span class='ocrx_word' id='word_1_30' title='bbox 217 378 350 419; x_wconf 80' lang='lat' dir='ltr'>Redde</span> <span class='ocrx_word' id='word_1_31' title='bbox 382 378 576 416; x_wconf 87' lang='lat' dir='ltr'>animam.</span> <span class='ocrx_word' id='word_1_32' title='bbox 610 373 689 425; x_wconf 91' lang='lat' dir='ltr'>[vel</span> <span class='ocrx_word' id='word_1_33' title='bbox 720 386 782 413; x_wconf 89' lang='lat' dir='ltr'>me</span> <span class='ocrx_word' id='word_1_34' title='bbox 815 374 998 412; x_wconf 83' lang='lat' dir='ltr'>fraternis</span> <span class='ocrx_word' id='word_1_35' title='bbox 1031 372 1127 411; x_wconf 88' lang='lat' dir='ltr'>adde</span> <span class='ocrx_word' id='word_1_36' title='bbox 1159 372 1378 425; x_wconf 88' lang='lat' dir='ltr'>sepulchris</span> <span class='ocrx_word' id='word_1_37' title='bbox 1394 371 1420 422; x_wconf 91' lang='lat'>.]</span> 
     </span>
     <span class='ocr_line' id='line_1_6' title="bbox 216 429 1440 488; baseline -0.007 -11"><span class='ocrx_word' id='word_1_38' title='bbox 216 439 267 477; x_wconf 86' lang='lat' dir='ltr'>Et</span> <span class='ocrx_word' id='word_1_39' title='bbox 309 437 401 488; x_wconf 91' lang='lat' dir='ltr'>upio</span> <span class='ocrx_word' id='word_1_40' title='bbox 422 441 461 474; x_wconf 90' lang='lat' dir='ltr'>et</span> <span class='ocrx_word' id='word_1_41' title='bbox 479 445 656 485; x_wconf 85' lang='lat' dir='ltr'>nequeo.</span> <span class='ocrx_word' id='word_1_42' title='bbox 683 433 777 485; x_wconf 91' lang='lat' dir='ltr'>quid</span> <span class='ocrx_word' id='word_1_43' title='bbox 797 429 941 484; x_wconf 78' lang='lat' dir='ltr'>agam?</span> <span class='ocrx_word' id='word_1_44' title='bbox 961 431 1075 470; x_wconf 93' lang='lat' dir='ltr'>modo</span> <span class='ocrx_word' id='word_1_45' title='bbox 1094 431 1256 470; x_wconf 87' lang='lat' dir='ltr'>vulnera</span> <span class='ocrx_word' id='word_1_46' title='bbox 1275 431 1440 470; x_wconf 73' lang='lat' dir='ltr'>fratrum</span> 
     </span>
     <span class='ocr_line' id='line_1_7' title="bbox 217 490 1306 542; baseline -0.006 -7"><span class='ocrx_word' id='word_1_47' title='bbox 217 499 247 536; x_wconf 90' lang='lat' dir='ltr'><strong>A</strong></span> <span class='ocrx_word' id='word_1_48' title='bbox 295 508 315 534; x_wconf 92' lang='lat' dir='ltr'>e</span> <span class='ocrx_word' id='word_1_49' title='bbox 348 494 482 533; x_wconf 92' lang='lat' dir='ltr'>oculos</span> <span class='ocrx_word' id='word_1_50' title='bbox 514 492 609 531; x_wconf 91' lang='lat' dir='ltr'>mihi</span> <span class='ocrx_word' id='word_1_51' title='bbox 641 497 734 532; x_wconf 90' lang='lat' dir='ltr'>sunt</span> <span class='ocrx_word' id='word_1_52' title='bbox 764 497 803 531; x_wconf 89' lang='lat' dir='ltr'>et</span> <span class='ocrx_word' id='word_1_53' title='bbox 834 497 963 531; x_wconf 86' lang='lat' dir='ltr'>tantae</span> <span class='ocrx_word' id='word_1_54' title='bbox 995 490 1125 530; x_wconf 89' lang='lat' dir='ltr'>caedis</span> <span class='ocrx_word' id='word_1_55' title='bbox 1155 491 1306 542; x_wconf 82' lang='lat' dir='ltr'>imago:</span> 
     </span>
     <span class='ocr_line' id='line_1_8' title="bbox 217 549 1401 603; baseline -0.006 -9"><span class='ocrx_word' id='word_1_56' title='bbox 217 555 330 594; x_wconf 88' lang='lat' dir='ltr'>Nune</span> <span class='ocrx_word' id='word_1_57' title='bbox 360 554 533 592; x_wconf 85' lang='lat' dir='ltr'>animum</span> <span class='ocrx_word' id='word_1_58' title='bbox 563 553 688 603; x_wconf 86' lang='lat' dir='ltr'>pietas</span> <span class='ocrx_word' id='word_1_59' title='bbox 719 556 974 602; x_wconf 89' lang='lat' dir='ltr'>maternaque</span> <span class='ocrx_word' id='word_1_60' title='bbox 1006 550 1164 589; x_wconf 90' lang='lat' dir='ltr'>nomina</span> <span class='ocrx_word' id='word_1_61' title='bbox 1195 549 1401 601; x_wconf 87' lang='lat' dir='ltr'>frangunt.</span> 
     </span>
     <span class='ocr_line' id='line_1_9' title="bbox 217 608 1382 663; baseline -0.004 -11"><span class='ocrx_word' id='word_1_62' title='bbox 217 613 277 653; x_wconf 91' lang='lat' dir='ltr'>Me</span> <span class='ocrx_word' id='word_1_63' title='bbox 310 610 523 651; x_wconf 83' lang='lat' dir='ltr'>miseram!</span> <span class='ocrx_word' id='word_1_64' title='bbox 555 610 654 650; x_wconf 85' lang='lat' dir='ltr'>male</span> <span class='ocrx_word' id='word_1_65' title='bbox 685 611 850 649; x_wconf 86' lang='lat' dir='ltr'>vincetis</span> <span class='ocrx_word' id='word_1_66' title='bbox 868 641 880 663; x_wconf 83' lang='lat'><em>‚</em></span> <span class='ocrx_word' id='word_1_67' title='bbox 912 608 979 648; x_wconf 89' lang='lat' dir='ltr'>sed</span> <span class='ocrx_word' id='word_1_68' title='bbox 1012 609 1155 647; x_wconf 88' lang='lat' dir='ltr'>vincite</span> <span class='ocrx_word' id='word_1_69' title='bbox 1174 640 1185 660; x_wconf 90' lang='lat'><em>,</em></span> <span class='ocrx_word' id='word_1_70' title='bbox 1216 608 1382 647; x_wconf 86' lang='lat' dir='ltr'>fratres:</span> 
     </span>
    </p>

    <p class='ocr_par' dir='ltr' id='par_1_4' title="bbox 130 665 1313 835">
     <span class='ocr_line' id='line_1_10' title="bbox 130 665 1305 723; baseline -0.007 -10"><span class='ocrx_word' id='word_1_71' title='bbox 130 681 199 713; x_wconf 81' lang='lat'>510</span> <span class='ocrx_word' id='word_1_72' title='bbox 220 670 456 723; x_wconf 88' lang='lat' dir='ltr'>[Dummodo</span> <span class='ocrx_word' id='word_1_73' title='bbox 489 681 587 722; x_wconf 87' lang='lat' dir='ltr'>quae</span> <span class='ocrx_word' id='word_1_74' title='bbox 620 669 765 708; x_wconf 77' lang='lat' dir='ltr'>dedero</span> <span class='ocrx_word' id='word_1_75' title='bbox 796 667 906 707; x_wconf 90' lang='lat' dir='ltr'>vobis</span> <span class='ocrx_word' id='word_1_76' title='bbox 938 667 1079 707; x_wconf 89' lang='lat' dir='ltr'>solacia</span> <span class='ocrx_word' id='word_1_77' title='bbox 1097 699 1109 720; x_wconf 91' lang='lat'><em>‚</em></span> <span class='ocrx_word' id='word_1_78' title='bbox 1139 665 1305 718; x_wconf 87' lang='lat' dir='ltr'>vosque]</span> 
     </span>
     <span class='ocr_line' id='line_1_11' title="bbox 216 725 1313 783; baseline -0.005 -13"><span class='ocrx_word' id='word_1_79' title='bbox 216 731 304 783; x_wconf 86' lang='lat' dir='ltr'>Ipsa</span> <span class='ocrx_word' id='word_1_80' title='bbox 335 741 479 781; x_wconf 89' lang='lat' dir='ltr'>sequar</span> <span class='ocrx_word' id='word_1_81' title='bbox 498 725 524 768; x_wconf 89' lang='lat'>.&#39;</span> <span class='ocrx_word' id='word_1_82' title='bbox 556 728 681 780; x_wconf 85' lang='lat' dir='ltr'>dixit,</span> <span class='ocrx_word' id='word_1_83' title='bbox 713 727 930 778; x_wconf 82' lang='lat' dir='ltr'>dextraque</span> <span class='ocrx_word' id='word_1_84' title='bbox 962 737 1097 765; x_wconf 89' lang='lat' dir='ltr'>aversa</span> <span class='ocrx_word' id='word_1_85' title='bbox 1126 727 1313 764; x_wconf 90' lang='lat' dir='ltr'>trementi</span> 
     </span>
     <span class='ocr_line' id='line_1_12' title="bbox 217 785 1241 835; baseline -0.006 -6"><span class='ocrx_word' id='word_1_86' title='bbox 217 789 444 829; x_wconf 87' lang='lat' dir='ltr'>Funereum</span> <span class='ocrx_word' id='word_1_87' title='bbox 474 793 624 827; x_wconf 91' lang='lat' dir='ltr'>torrem</span> <span class='ocrx_word' id='word_1_88' title='bbox 655 786 804 825; x_wconf 89' lang='lat' dir='ltr'>medios</span> <span class='ocrx_word' id='word_1_89' title='bbox 837 786 1006 825; x_wconf 88' lang='lat' dir='ltr'>coniecit</span> <span class='ocrx_word' id='word_1_90' title='bbox 1036 786 1076 823; x_wconf 89' lang='lat' dir='ltr'>in</span> <span class='ocrx_word' id='word_1_91' title='bbox 1107 785 1241 835; x_wconf 88' lang='lat' dir='ltr'>ignes.</span> 
     </span>
    </p>

    <p class='ocr_par' dir='ltr' id='par_1_5' title="bbox 218 842 1277 960">
     <span class='ocr_line' id='line_1_13' title="bbox 218 842 1273 899; baseline -0.007 -11"><span class='ocrx_word' id='word_1_92' title='bbox 218 848 296 888; x_wconf 88' lang='lat' dir='ltr'>Aut</span> <span class='ocrx_word' id='word_1_93' title='bbox 326 847 462 899; x_wconf 87' lang='lat' dir='ltr'>dedit,</span> <span class='ocrx_word' id='word_1_94' title='bbox 494 853 560 886; x_wconf 86' lang='lat' dir='ltr'>aut</span> <span class='ocrx_word' id='word_1_95' title='bbox 591 846 697 885; x_wconf 89' lang='lat' dir='ltr'>visus</span> <span class='ocrx_word' id='word_1_96' title='bbox 729 845 898 896; x_wconf 85' lang='lat' dir='ltr'>gemitus</span> <span class='ocrx_word' id='word_1_97' title='bbox 930 849 991 883; x_wconf 91' lang='lat' dir='ltr'>est</span> <span class='ocrx_word' id='word_1_98' title='bbox 1021 843 1086 882; x_wconf 93' lang='lat' dir='ltr'>ille</span> <span class='ocrx_word' id='word_1_99' title='bbox 1118 842 1273 882; x_wconf 83' lang='lat' dir='ltr'>dedisse</span> 
     </span>
     <span class='ocr_line' id='line_1_14' title="bbox 222 901 1277 960; baseline -0.006 -14"><span class='ocrx_word' id='word_1_100' title='bbox 222 906 382 960; x_wconf 85' lang='lat' dir='ltr'>Stipes,</span> <span class='ocrx_word' id='word_1_101' title='bbox 413 912 458 945; x_wconf 91' lang='lat' dir='ltr'>ut</span> <span class='ocrx_word' id='word_1_102' title='bbox 488 906 620 944; x_wconf 91' lang='lat' dir='ltr'>invitis</span> <span class='ocrx_word' id='word_1_103' title='bbox 653 910 859 955; x_wconf 85' lang='lat' dir='ltr'>correptus</span> <span class='ocrx_word' id='word_1_104' title='bbox 891 902 938 942; x_wconf 90' lang='lat' dir='ltr'>ab</span> <span class='ocrx_word' id='word_1_105' title='bbox 970 901 1127 954; x_wconf 86' lang='lat' dir='ltr'>ignibus</span> <span class='ocrx_word' id='word_1_106' title='bbox 1159 902 1277 941; x_wconf 89' lang='lat' dir='ltr'>arsit.</span> 
     </span>
    </p>

    <p class='ocr_par' dir='ltr' id='par_1_6' title="bbox 131 959 1290 1135">
     <span class='ocr_line' id='line_1_15' title="bbox 131 959 1290 1015; baseline -0.007 -9"><span class='ocrx_word' id='word_1_107' title='bbox 131 973 198 1006; x_wconf 81' lang='lat'>515</span> <span class='ocrx_word' id='word_1_108' title='bbox 218 966 370 1005; x_wconf 83' lang='lat' dir='ltr'>Inscius</span> <span class='ocrx_word' id='word_1_109' title='bbox 397 970 513 1015; x_wconf 85' lang='lat' dir='ltr'>atque</span> <span class='ocrx_word' id='word_1_110' title='bbox 546 963 687 1002; x_wconf 89' lang='lat' dir='ltr'>absens</span> <span class='ocrx_word' id='word_1_111' title='bbox 718 963 871 1001; x_wconf 84' lang='lat' dir='ltr'>flamma</span> <span class='ocrx_word' id='word_1_112' title='bbox 902 961 1116 1013; x_wconf 89' lang='lat' dir='ltr'>Meleagros</span> <span class='ocrx_word' id='word_1_113' title='bbox 1149 959 1197 999; x_wconf 89' lang='lat' dir='ltr'>ab</span> <span class='ocrx_word' id='word_1_114' title='bbox 1227 959 1290 999; x_wconf 79' lang='lat' dir='ltr'>illa</span> 
     </span>
     <span class='ocr_line' id='line_1_16' title="bbox 218 1021 1126 1077; baseline -0.006 -14"><span class='ocrx_word' id='word_1_115' title='bbox 218 1024 356 1064; x_wconf 85' lang='lat' dir='ltr'>Uritur</span> <span class='ocrx_word' id='word_1_116' title='bbox 374 1055 385 1077; x_wconf 89' lang='lat'><em>‚</em></span> <span class='ocrx_word' id='word_1_117' title='bbox 418 1029 458 1062; x_wconf 87' lang='lat' dir='ltr'>et</span> <span class='ocrx_word' id='word_1_118' title='bbox 488 1023 615 1062; x_wconf 85' lang='lat' dir='ltr'>caecis</span> <span class='ocrx_word' id='word_1_119' title='bbox 647 1023 793 1061; x_wconf 87' lang='lat' dir='ltr'>torreri</span> <span class='ocrx_word' id='word_1_120' title='bbox 823 1022 973 1060; x_wconf 87' lang='lat' dir='ltr'>viscera</span> <span class='ocrx_word' id='word_1_121' title='bbox 1005 1021 1126 1059; x_wconf 89' lang='lat' dir='ltr'>sentit</span> 
     </span>
     <span class='ocr_line' id='line_1_17' title="bbox 219 1078 1256 1135; baseline -0.006 -13"><span class='ocrx_word' id='word_1_122' title='bbox 219 1083 380 1134; x_wconf 87' lang='lat' dir='ltr'>Ignibus</span> <span class='ocrx_word' id='word_1_123' title='bbox 398 1114 409 1135; x_wconf 85' lang='lat'><em>,</em></span> <span class='ocrx_word' id='word_1_124' title='bbox 441 1094 486 1121; x_wconf 91' lang='lat' dir='ltr'>ac</span> <span class='ocrx_word' id='word_1_125' title='bbox 517 1092 678 1132; x_wconf 86' lang='lat' dir='ltr'>magnos</span> <span class='ocrx_word' id='word_1_126' title='bbox 711 1085 872 1131; x_wconf 83' lang='lat' dir='ltr'>superat</span> <span class='ocrx_word' id='word_1_127' title='bbox 901 1081 1046 1118; x_wconf 86' lang='lat' dir='ltr'>virtute</span> <span class='ocrx_word' id='word_1_128' title='bbox 1078 1078 1256 1117; x_wconf 90' lang='lat' dir='ltr'>dolores.</span> 
     </span>
    </p>

    <p class='ocr_par' dir='ltr' id='par_1_7' title="bbox 219 1136 1350 1253">
     <span class='ocr_line' id='line_1_18' title="bbox 221 1136 1350 1190; baseline -0.005 -10"><span class='ocrx_word' id='word_1_129' title='bbox 221 1141 334 1188; x_wconf 85' lang='lat' dir='ltr'>Quod</span> <span class='ocrx_word' id='word_1_130' title='bbox 365 1146 497 1180; x_wconf 87' lang='lat' dir='ltr'>tamen</span> <span class='ocrx_word' id='word_1_131' title='bbox 527 1142 666 1190; x_wconf 89' lang='lat' dir='ltr'>ignavo</span> <span class='ocrx_word' id='word_1_132' title='bbox 699 1138 811 1178; x_wconf 84' lang='lat' dir='ltr'>cadat</span> <span class='ocrx_word' id='word_1_133' title='bbox 842 1143 881 1177; x_wconf 91' lang='lat' dir='ltr'>et</span> <span class='ocrx_word' id='word_1_134' title='bbox 912 1139 996 1176; x_wconf 92' lang='lat' dir='ltr'>sine</span> <span class='ocrx_word' id='word_1_135' title='bbox 1029 1138 1217 1188; x_wconf 86' lang='lat' dir='ltr'>sanguine</span> <span class='ocrx_word' id='word_1_136' title='bbox 1249 1136 1350 1188; x_wconf 89' lang='lat' dir='ltr'>leto,</span> 
     </span>
     <span class='ocr_line' id='line_1_19' title="bbox 219 1195 1140 1253; baseline -0.005 -14"><span class='ocrx_word' id='word_1_137' title='bbox 219 1200 367 1239; x_wconf 83' lang='lat' dir='ltr'>Maeret</span> <span class='ocrx_word' id='word_1_138' title='bbox 384 1231 396 1253; x_wconf 79' lang='lat'><em>‚</em></span> <span class='ocrx_word' id='word_1_139' title='bbox 427 1204 467 1238; x_wconf 89' lang='lat' dir='ltr'>et</span> <span class='ocrx_word' id='word_1_140' title='bbox 497 1198 641 1237; x_wconf 84' lang='lat' dir='ltr'>Ancaei</span> <span class='ocrx_word' id='word_1_141' title='bbox 672 1197 799 1236; x_wconf 87' lang='lat' dir='ltr'>felicia</span> <span class='ocrx_word' id='word_1_142' title='bbox 831 1196 992 1236; x_wconf 87' lang='lat' dir='ltr'>vulnera</span> <span class='ocrx_word' id='word_1_143' title='bbox 1022 1195 1140 1235; x_wconf 85' lang='lat' dir='ltr'>dicit:</span> 
     </span>
    </p>

    <p class='ocr_par' dir='ltr' id='par_1_8' title="bbox 132 1255 1446 1544">
     <span class='ocr_line' id='line_1_20' title="bbox 132 1255 1387 1308; baseline -0.006 -9"><span class='ocrx_word' id='word_1_144' title='bbox 132 1267 200 1301; x_wconf 75' lang='lat'>520</span> <span class='ocrx_word' id='word_1_145' title='bbox 221 1258 569 1308; x_wconf 87' lang='lat' dir='ltr'>Grandaevumque</span> <span class='ocrx_word' id='word_1_146' title='bbox 601 1262 753 1308; x_wconf 87' lang='lat' dir='ltr'>patrem</span> <span class='ocrx_word' id='word_1_147' title='bbox 784 1256 1005 1306; x_wconf 80' lang='lat' dir='ltr'>fratresque</span> <span class='ocrx_word' id='word_1_148' title='bbox 1035 1255 1198 1306; x_wconf 88' lang='lat' dir='ltr'>piasque</span> <span class='ocrx_word' id='word_1_149' title='bbox 1230 1265 1387 1293; x_wconf 69' lang='lat' dir='ltr'>sorore·</span> 
     </span>
     <span class='ocr_line' id='line_1_21' title="bbox 222 1315 1345 1369; baseline -0.005 -12"><span class='ocrx_word' id='word_1_150' title='bbox 222 1317 320 1357; x_wconf 91' lang='lat' dir='ltr'>Cum</span> <span class='ocrx_word' id='word_1_151' title='bbox 351 1318 498 1369; x_wconf 89' lang='lat' dir='ltr'>gemitu</span> <span class='ocrx_word' id='word_1_152' title='bbox 531 1317 755 1366; x_wconf 87' lang='lat' dir='ltr'>sociamque</span> <span class='ocrx_word' id='word_1_153' title='bbox 786 1315 863 1354; x_wconf 84' lang='lat' dir='ltr'>tori</span> <span class='ocrx_word' id='word_1_154' title='bbox 893 1318 1006 1353; x_wconf 87' lang='lat' dir='ltr'>vocat</span> <span class='ocrx_word' id='word_1_155' title='bbox 1036 1325 1104 1352; x_wconf 86' lang='lat' dir='ltr'>ore</span> <span class='ocrx_word' id='word_1_156' title='bbox 1137 1324 1345 1366; x_wconf 85' lang='lat' dir='ltr'>supremo,</span> 
     </span>
     <span class='ocr_line' id='line_1_22' title="bbox 220 1370 1377 1424; baseline -0.004 -9"><span class='ocrx_word' id='word_1_157' title='bbox 220 1376 401 1415; x_wconf 89' lang='lat' dir='ltr'>Forsitan</span> <span class='ocrx_word' id='word_1_158' title='bbox 432 1380 472 1414; x_wconf 88' lang='lat' dir='ltr'>et</span> <span class='ocrx_word' id='word_1_159' title='bbox 502 1379 696 1413; x_wconf 87' lang='lat' dir='ltr'>matrem.</span> <span class='ocrx_word' id='word_1_160' title='bbox 735 1377 921 1412; x_wconf 84' lang='lat' dir='ltr'>crescunt</span> <span class='ocrx_word' id='word_1_161' title='bbox 951 1373 1132 1424; x_wconf 83' lang='lat' dir='ltr'>ignisque</span> <span class='ocrx_word' id='word_1_162' title='bbox 1163 1370 1377 1424; x_wconf 85' lang='lat' dir='ltr'>dolorque,</span> 
     </span>
     <span class='ocr_line' id='line_1_23' title="bbox 221 1430 1446 1486; baseline -0.005 -12"><span class='ocrx_word' id='word_1_163' title='bbox 221 1434 578 1486; x_wconf 88' lang='lat' dir='ltr'>Languescuntque</span> <span class='ocrx_word' id='word_1_164' title='bbox 597 1434 772 1471; x_wconf 83' lang='lat' dir='ltr'>iterum:</span> <span class='ocrx_word' id='word_1_165' title='bbox 804 1430 920 1470; x_wconf 89' lang='lat' dir='ltr'>simul</span> <span class='ocrx_word' id='word_1_166' title='bbox 951 1437 1012 1470; x_wconf 90' lang='lat' dir='ltr'>est</span> <span class='ocrx_word' id='word_1_167' title='bbox 1037 1431 1235 1469; x_wconf 84' lang='lat' dir='ltr'>extinctus</span> <span class='ocrx_word' id='word_1_168' title='bbox 1254 1435 1446 1482; x_wconf 75' lang='lat' dir='ltr'>uterque,</span> 
     </span>
     <span class='ocr_line' id='line_1_24' title="bbox 220 1491 1164 1544; baseline -0.005 -12"><span class='ocrx_word' id='word_1_169' title='bbox 220 1493 344 1544; x_wconf 90' lang='lat' dir='ltr'>Inque</span> <span class='ocrx_word' id='word_1_170' title='bbox 375 1492 480 1532; x_wconf 90' lang='lat' dir='ltr'>leves</span> <span class='ocrx_word' id='word_1_171' title='bbox 513 1491 607 1530; x_wconf 88' lang='lat' dir='ltr'>abiit</span> <span class='ocrx_word' id='word_1_172' title='bbox 637 1491 823 1543; x_wconf 89' lang='lat' dir='ltr'>paulatim</span> <span class='ocrx_word' id='word_1_173' title='bbox 855 1491 1018 1541; x_wconf 89' lang='lat' dir='ltr'>spiritus</span> <span class='ocrx_word' id='word_1_174' title='bbox 1050 1500 1164 1528; x_wconf 87' lang='lat' dir='ltr'>auras</span> 
     </span>
    </p>

    <p class='ocr_par' dir='ltr' id='par_1_9' title="bbox 135 1547 1105 1602">
     <span class='ocr_line' id='line_1_25' title="bbox 135 1547 1105 1602; baseline -0.006 -10"><span class='ocrx_word' id='word_1_175' title='bbox 135 1561 202 1593; x_wconf 77' lang='lat'>525</span> <span class='ocrx_word' id='word_1_176' title='bbox 223 1551 417 1592; x_wconf 87' lang='lat' dir='ltr'>Paulatim</span> <span class='ocrx_word' id='word_1_177' title='bbox 449 1563 544 1590; x_wconf 87' lang='lat' dir='ltr'>cana</span> <span class='ocrx_word' id='word_1_178' title='bbox 574 1561 741 1602; x_wconf 80' lang='lat' dir='ltr'>prunam</span> <span class='ocrx_word' id='word_1_179' title='bbox 772 1548 923 1587; x_wconf 88' lang='lat' dir='ltr'>velante</span> <span class='ocrx_word' id='word_1_180' title='bbox 956 1547 1105 1587; x_wconf 78' lang='lat' dir='ltr'>favilla.</span> 
     </span>
    </p>

    <p class='ocr_par' dir='ltr' id='par_1_10' title="bbox 221 1608 1418 1779">
     <span class='ocr_line' id='line_1_26' title="bbox 223 1608 1359 1660; baseline -0.005 -10"><span class='ocrx_word' id='word_1_181' title='bbox 223 1611 308 1650; x_wconf 86' lang='lat' dir='ltr'>Alta</span> <span class='ocrx_word' id='word_1_182' title='bbox 338 1612 441 1649; x_wconf 84' lang='lat' dir='ltr'>iacet</span> <span class='ocrx_word' id='word_1_183' title='bbox 472 1608 671 1660; x_wconf 82' lang='lat' dir='ltr'>Calydon:</span> <span class='ocrx_word' id='word_1_184' title='bbox 703 1608 839 1659; x_wconf 86' lang='lat' dir='ltr'>lugent</span> <span class='ocrx_word' id='word_1_185' title='bbox 869 1609 1109 1657; x_wconf 85' lang='lat' dir='ltr'>iuvenesque</span> <span class='ocrx_word' id='word_1_186' title='bbox 1142 1618 1359 1659; x_wconf 82' lang='lat' dir='ltr'>senesque,</span> 
     </span>
     <span class='ocr_line' id='line_1_27' title="bbox 222 1664 1418 1720; baseline -0.003 -14"><span class='ocrx_word' id='word_1_187' title='bbox 222 1668 448 1720; x_wconf 88' lang='lat' dir='ltr'>Vulgusque</span> <span class='ocrx_word' id='word_1_188' title='bbox 479 1678 745 1719; x_wconf 88' lang='lat' dir='ltr'>proceresque</span> <span class='ocrx_word' id='word_1_189' title='bbox 777 1671 968 1719; x_wconf 85' lang='lat' dir='ltr'>gemunt,</span> <span class='ocrx_word' id='word_1_190' title='bbox 1000 1666 1224 1716; x_wconf 88' lang='lat' dir='ltr'>scissaeque</span> <span class='ocrx_word' id='word_1_191' title='bbox 1259 1664 1418 1718; x_wconf 77' lang='lat' dir='ltr'>capillos</span> 
     </span>
     <span class='ocr_line' id='line_1_28' title="bbox 221 1723 1186 1779; baseline -0.005 -12"><span class='ocrx_word' id='word_1_192' title='bbox 221 1727 466 1779; x_wconf 79' lang='lat' dir='ltr'>planguntur</span> <span class='ocrx_word' id='word_1_193' title='bbox 497 1730 643 1765; x_wconf 80' lang='lat' dir='ltr'>matres</span> <span class='ocrx_word' id='word_1_194' title='bbox 676 1724 931 1776; x_wconf 87' lang='lat' dir='ltr'>Calydonides</span> <span class='ocrx_word' id='word_1_195' title='bbox 963 1723 1186 1763; x_wconf 87' lang='lat' dir='ltr'>Eueninae.</span> 
     </span>
    </p>

    <p class='ocr_par' dir='ltr' id='par_1_11' title="bbox 222 1781 1208 1835">
     <span class='ocr_line' id='line_1_29' title="bbox 222 1781 1208 1835; baseline -0.004 -10"><span class='ocrx_word' id='word_1_196' title='bbox 222 1786 388 1825; x_wconf 86' lang='lat' dir='ltr'>Pulvere</span> <span class='ocrx_word' id='word_1_197' title='bbox 421 1786 605 1824; x_wconf 87' lang='lat' dir='ltr'>canitiem</span> <span class='ocrx_word' id='word_1_198' title='bbox 637 1785 791 1835; x_wconf 86' lang='lat' dir='ltr'>genitor</span> <span class='ocrx_word' id='word_1_199' title='bbox 821 1783 1031 1834; x_wconf 90' lang='lat' dir='ltr'>vultusque</span> <span class='ocrx_word' id='word_1_200' title='bbox 1063 1781 1208 1822; x_wconf 87' lang='lat' dir='ltr'>seniles</span> 
     </span>
    </p>

    <p class='ocr_par' dir='ltr' id='par_1_12' title="bbox 135 1842 1405 2013">
     <span class='ocr_line' id='line_1_30' title="bbox 135 1842 1405 1895; baseline -0.005 -10"><span class='ocrx_word' id='word_1_201' title='bbox 135 1854 203 1886; x_wconf 78' lang='lat'>530</span> <span class='ocrx_word' id='word_1_202' title='bbox 222 1844 370 1884; x_wconf 88' lang='lat' dir='ltr'>Foedat</span> <span class='ocrx_word' id='word_1_203' title='bbox 399 1844 510 1884; x_wconf 90' lang='lat' dir='ltr'>humi</span> <span class='ocrx_word' id='word_1_204' title='bbox 539 1844 652 1883; x_wconf 86' lang='lat' dir='ltr'>fusus</span> <span class='ocrx_word' id='word_1_205' title='bbox 669 1875 681 1895; x_wconf 88' lang='lat'><em>,</em></span> <span class='ocrx_word' id='word_1_206' title='bbox 712 1843 1006 1894; x_wconf 88' lang='lat' dir='ltr'>spatiosumque</span> <span class='ocrx_word' id='word_1_207' title='bbox 1037 1842 1216 1893; x_wconf 84' lang='lat' dir='ltr'>increpat</span> <span class='ocrx_word' id='word_1_208' title='bbox 1246 1853 1405 1880; x_wconf 72' lang='lat' dir='ltr'>aevum.</span> 
     </span>
     <span class='ocr_line' id='line_1_31' title="bbox 222 1899 1251 1943; baseline -0.005 0"><span class='ocrx_word' id='word_1_209' title='bbox 222 1904 321 1943; x_wconf 89' lang='lat' dir='ltr'>Nam</span> <span class='ocrx_word' id='word_1_210' title='bbox 352 1902 400 1942; x_wconf 90' lang='lat' dir='ltr'>de</span> <span class='ocrx_word' id='word_1_211' title='bbox 432 1908 556 1942; x_wconf 85' lang='lat' dir='ltr'>matre</span> <span class='ocrx_word' id='word_1_212' title='bbox 588 1913 727 1941; x_wconf 87' lang='lat' dir='ltr'>manus</span> <span class='ocrx_word' id='word_1_213' title='bbox 758 1901 834 1940; x_wconf 91' lang='lat' dir='ltr'>diri</span> <span class='ocrx_word' id='word_1_214' title='bbox 864 1899 939 1939; x_wconf 90' lang='lat' dir='ltr'>sibi</span> <span class='ocrx_word' id='word_1_215' title='bbox 971 1901 1126 1939; x_wconf 78' lang='lat' dir='ltr'>conscia</span> <span class='ocrx_word' id='word_1_216' title='bbox 1158 1899 1251 1939; x_wconf 88' lang='lat' dir='ltr'>facti</span> 
     </span>
     <span class='ocr_line' id='line_1_32' title="bbox 224 1959 1105 2013; baseline -0.005 -12"><span class='ocrx_word' id='word_1_217' title='bbox 224 1962 364 2013; x_wconf 85' lang='lat' dir='ltr'>Exegit</span> <span class='ocrx_word' id='word_1_218' title='bbox 394 1973 541 2013; x_wconf 89' lang='lat' dir='ltr'>poenas</span> <span class='ocrx_word' id='word_1_219' title='bbox 573 1966 659 2000; x_wconf 88' lang='lat' dir='ltr'>acto</span> <span class='ocrx_word' id='word_1_220' title='bbox 690 1972 762 2012; x_wconf 87' lang='lat' dir='ltr'>per</span> <span class='ocrx_word' id='word_1_221' title='bbox 792 1961 943 1999; x_wconf 86' lang='lat' dir='ltr'>viscera</span> <span class='ocrx_word' id='word_1_222' title='bbox 975 1959 1105 1998; x_wconf 84' lang='lat' dir='ltr'>ferro.</span> 
     </span>
    </p>

    <p class='ocr_par' dir='ltr' id='par_1_13' title="bbox 223 2017 1337 2131">
     <span class='ocr_line' id='line_1_33' title="bbox 224 2017 1302 2069; baseline -0.004 -10"><span class='ocrx_word' id='word_1_223' title='bbox 224 2020 310 2060; x_wconf 93' lang='lat' dir='ltr'>Non</span> <span class='ocrx_word' id='word_1_224' title='bbox 342 2019 438 2059; x_wconf 92' lang='lat' dir='ltr'>mihi</span> <span class='ocrx_word' id='word_1_225' title='bbox 469 2021 503 2060; x_wconf 90' lang='lat' dir='ltr'>si</span> <span class='ocrx_word' id='word_1_226' title='bbox 534 2025 693 2059; x_wconf 86' lang='lat' dir='ltr'>centum</span> <span class='ocrx_word' id='word_1_227' title='bbox 724 2019 821 2058; x_wconf 85' lang='lat' dir='ltr'>deus</span> <span class='ocrx_word' id='word_1_228' title='bbox 852 2029 920 2057; x_wconf 89' lang='lat' dir='ltr'>ora</span> <span class='ocrx_word' id='word_1_229' title='bbox 951 2018 1128 2056; x_wconf 86' lang='lat' dir='ltr'>sonantia</span> <span class='ocrx_word' id='word_1_230' title='bbox 1158 2017 1302 2069; x_wconf 87' lang='lat' dir='ltr'>linguis</span> 
     </span>
     <span class='ocr_line' id='line_1_34' title="bbox 223 2075 1337 2131; baseline -0.004 -13"><span class='ocrx_word' id='word_1_231' title='bbox 223 2079 508 2130; x_wconf 84' lang='lat' dir='ltr'>Ingeniumque</span> <span class='ocrx_word' id='word_1_232' title='bbox 540 2091 659 2131; x_wconf 84' lang='lat' dir='ltr'>capax</span> <span class='ocrx_word' id='word_1_233' title='bbox 689 2083 896 2128; x_wconf 85' lang='lat' dir='ltr'>totumque</span> <span class='ocrx_word' id='word_1_234' title='bbox 926 2075 1113 2115; x_wconf 81' lang='lat' dir='ltr'>Helicona</span> <span class='ocrx_word' id='word_1_235' title='bbox 1143 2075 1337 2129; x_wconf 84' lang='lat' dir='ltr'>dedisset,</span> 
     </span>
    </p>

    <p class='ocr_par' dir='ltr' id='par_1_14' title="bbox 138 2137 1450 2366">
     <span class='ocr_line' id='line_1_35' title="bbox 138 2137 1297 2189; baseline -0.003 -12"><span class='ocrx_word' id='word_1_236' title='bbox 138 2145 206 2178; x_wconf 81' lang='lat'>535</span> <span class='ocrx_word' id='word_1_237' title='bbox 231 2137 375 2177; x_wconf 88' lang='lat' dir='ltr'>Tristia</span> <span class='ocrx_word' id='word_1_238' title='bbox 406 2149 671 2189; x_wconf 88' lang='lat' dir='ltr'>persequerer</span> <span class='ocrx_word' id='word_1_239' title='bbox 701 2138 936 2176; x_wconf 87' lang='lat' dir='ltr'>miserarum</span> <span class='ocrx_word' id='word_1_240' title='bbox 966 2146 1061 2175; x_wconf 88' lang='lat' dir='ltr'>voce</span> <span class='ocrx_word' id='word_1_241' title='bbox 1093 2146 1297 2174; x_wconf 87' lang='lat' dir='ltr'>sororum.</span> 
     </span>
     <span class='ocr_line' id='line_1_36' title="bbox 224 2193 1256 2247; baseline -0.003 -12"><span class='ocrx_word' id='word_1_242' title='bbox 224 2196 466 2236; x_wconf 87' lang='lat' dir='ltr'>Inmemores</span> <span class='ocrx_word' id='word_1_243' title='bbox 498 2196 652 2235; x_wconf 89' lang='lat' dir='ltr'>decoris</span> <span class='ocrx_word' id='word_1_244' title='bbox 683 2195 840 2234; x_wconf 87' lang='lat' dir='ltr'>liventia</span> <span class='ocrx_word' id='word_1_245' title='bbox 871 2199 1032 2247; x_wconf 86' lang='lat' dir='ltr'>pectora</span> <span class='ocrx_word' id='word_1_246' title='bbox 1061 2193 1256 2246; x_wconf 78' lang='lat' dir='ltr'>tundunt3</span> 
     </span>
     <span class='ocr_line' id='line_1_37' title="bbox 225 2252 1450 2308; baseline -0.002 -14"><span class='ocrx_word' id='word_1_247' title='bbox 225 2254 405 2295; x_wconf 73' lang='lat' dir='ltr'>Dumque</span> <span class='ocrx_word' id='word_1_248' title='bbox 425 2260 557 2294; x_wconf 88' lang='lat' dir='ltr'>manet</span> <span class='ocrx_word' id='word_1_249' title='bbox 577 2266 722 2307; x_wconf 87' lang='lat' dir='ltr'>eorpus</span> <span class='ocrx_word' id='word_1_250' title='bbox 740 2286 752 2308; x_wconf 85' lang='lat'>,</span> <span class='ocrx_word' id='word_1_251' title='bbox 777 2266 922 2305; x_wconf 89' lang='lat' dir='ltr'>corpus</span> <span class='ocrx_word' id='word_1_252' title='bbox 941 2253 1197 2304; x_wconf 80' lang='lat' dir='ltr'>refoventque</span> <span class='ocrx_word' id='word_1_253' title='bbox 1217 2252 1450 2304; x_wconf 65' lang='lat' dir='ltr'>foventque,</span> 
     </span>
     <span class='ocr_line' id='line_1_38' title="bbox 227 2310 1241 2366; baseline -0.004 -13"><span class='ocrx_word' id='word_1_254' title='bbox 227 2313 369 2353; x_wconf 87' lang='lat' dir='ltr'>Oscula</span> <span class='ocrx_word' id='word_1_255' title='bbox 401 2313 494 2352; x_wconf 89' lang='lat' dir='ltr'>dant</span> <span class='ocrx_word' id='word_1_256' title='bbox 523 2314 628 2366; x_wconf 81' lang='lat' dir='ltr'>ipsi,</span> <span class='ocrx_word' id='word_1_257' title='bbox 659 2315 787 2364; x_wconf 80' lang='lat' dir='ltr'>posito</span> <span class='ocrx_word' id='word_1_258' title='bbox 819 2313 913 2352; x_wconf 88' lang='lat' dir='ltr'>dant</span> <span class='ocrx_word' id='word_1_259' title='bbox 944 2311 1077 2351; x_wconf 88' lang='lat' dir='ltr'>oscula</span> <span class='ocrx_word' id='word_1_260' title='bbox 1108 2310 1241 2350; x_wconf 86' lang='lat' dir='ltr'>lecto:</span> 
     </span>
    </p>
   </div>
  </div>
 </body>
</html>
