1554 2506
133 79 210 121 168
320 92 401 115 mm.
416 108 423 115 .
450 92 572 117 nucis
679 79 893 114 METAMM
908 108 915 114 .

244 189 359 229 Testa
390 201 524 242 parem
557 190 677 228 fecit.
716 201 815 241 quae
847 195 1054 241 postquam
1086 190 1241 231 subdita
1272 191 1413 232 clivum

246 247 441 302 Sustulit,
472 253 675 299 aequatam
707 252 860 288 mentae
893 254 1044 289 tersere
1076 251 1271 290 virentes.

244 306 408 346 Ponitur
439 306 502 346 hic
535 306 684 345 bicolor
715 308 891 346 sincerae
923 307 1018 347 baca
1049 307 1268 361 Minervae,

157 373 225 404 665
245 365 487 416 Conditaque
519 366 559 404 in
592 364 738 417 liquida
769 378 887 405 corna
919 367 1157 406 autumnalia
1189 368 1320 419 faece,

245 423 287 463 ln
307 424 446 475 ibaque
479 429 518 462 et
549 423 659 463 radix
691 429 730 463 et
760 424 870 464 lactis
902 437 1029 465 massa
1060 429 1210 479 coacti,

245 432 403 534 (daque
434 494 513 521 non
546 484 626 522 acri
657 483 794 523 leviter
825 490 976 523 versata
1008 484 1157 537 favilla,

245 541 385 581 Omnia
416 540 629 581 fictilibus.
668 547 757 594 post
787 542 883 582 haec
915 542 1086 583 caelatus
1118 542 1256 583 eodem

245 599 407 640 Sistitur
438 606 600 652 argento
632 606 761 640 crater
793 601 1059 653 fabricataque
1094 602 1180 654 fago

157 667 224 699 670
243 658 388 698 Pocula
406 690 418 712 ,
449 671 525 711 qua
557 671 647 699 cava
679 665 800 713 sunt,
830 660 1063 700 flaventibus
1094 660 1190 700 illita
1221 662 1341 700 ceris.

242 717 364 757 Parva
395 729 504 757 mora
535 724 624 771 est,
656 718 869 770 epulasque
902 719 979 758 foci
1010 720 1152 758 misere
1185 718 1381 772 calentes,

243 776 323 816 Nec
354 776 492 828 longae
524 789 664 816 rurs-us
696 777 926 817 reseruntur
956 778 1044 816 vina
1076 783 1281 831 senectae,

244 834 422 887 Dantque
453 835 584 875 locum
616 837 762 875 mensis
792 836 953 888 paulum
984 835 1147 876 seducta
1177 836 1385 876 secundis.

243 893 316 934 Hic
347 906 427 934 nux
445 926 457 947 ‚
487 894 552 934 hic
584 896 703 934 mixta
735 900 796 934 est
826 896 980 946 rugosis
1012 896 1141 934 carica
1171 895 1309 947 palmis

156 959 222 991 675
243 951 454 1004 Prunaque
486 958 526 993 et
556 954 596 992 in
621 953 764 1005 patulis
796 953 1012 993 redolentia
1043 953 1142 993 mala
1174 955 1355 993 canistris

243 1009 294 1050 Et
325 1011 372 1050 de
404 1013 618 1064 purpureis
651 1011 836 1051 collectae
868 1012 1012 1058 vitibus
1038 1024 1156 1052 uvae.

246 1069 442 1109 Candidus
473 1072 514 1110 in
546 1070 674 1110 medio
707 1071 816 1110 favus
848 1076 936 1110 est.
975 1083 1095 1123 super
1126 1072 1256 1110 omnia
1288 1070 1418 1111 vultus

244 1129 458 1168 Accessere
489 1128 583 1168 boni
615 1141 689 1168 nec
719 1131 827 1168 iners
852 1141 1081 1181 pauperque
1112 1129 1316 1169 voluntas.

245 1186 397 1227 Interea
430 1189 576 1227 totiens
606 1187 792 1227 haustum
823 1182 976 1227 cratera
1008 1187 1153 1240 repleri

158 1252 226 1285 680
247 1245 395 1297 Sponte
428 1258 528 1299 sua,
558 1258 630 1298 per
662 1258 783 1298 seque
815 1246 948 1286 vident
980 1259 1233 1286 succrescere
1265 1247 1376 1287 vina:

245 1305 411 1344 Attoniti
441 1306 612 1344 novitate
644 1310 814 1357 pavent,
845 1305 1105 1357 manibusque
1137 1307 1288 1357 supinis

245 1362 482 1415 Concipiunt
511 1363 731 1415 Baucisque
763 1376 902 1415 preces
933 1364 1172 1416 timidusque
1204 1363 1432 1416 Philemon,

244 1420 295 1461 Et
325 1423 477 1461 veniam
510 1422 673 1474 dapibus
706 1422 903 1474 nullisque
934 1422 1136 1475 paratibus
1168 1429 1303 1462 orant.

245 1479 393 1520 Unicus
425 1492 540 1520 anser
572 1486 685 1533 erat,
717 1482 899 1520 minimae
932 1482 1109 1521 custodia
1141 1480 1276 1533 villae,

157 1547 225 1578 685
245 1539 372 1586 Quem
404 1539 463 1579 dis
495 1539 717 1592 hospitibus
749 1539 896 1579 domini
927 1545 1097 1579 mactare
1129 1539 1339 1592 parabant.

244 1598 312 1637 {lle
346 1598 450 1638 celer
481 1611 610 1650 penna
641 1598 774 1638 tardos
806 1604 930 1638 aetate
964 1599 1121 1651 fatigat,

245 1656 456 1708 Eluditque
489 1657 556 1696 diu
575 1689 586 1710 ‚
617 1657 853 1708 tandemque
886 1663 947 1696 est
976 1659 1084 1697 visus
1116 1657 1162 1696 ad
1193 1659 1301 1710 ipsos

246 1715 478 1767 Confugisse
510 1716 634 1755 deos.
673 1718 807 1768 superi
838 1722 999 1755 vetuere
1031 1717 1189 1756 necari:

247 1771 339 1813 “Di'
373 1787 448 1826 que
482 1772 634 1814 ‘sumus
652 1806 665 1828 ‚
695 1776 934 1826 meritasque
965 1774 1048 1815 luet
1078 1775 1218 1814 vicinia
1249 1785 1394 1827 poenas

159 1842 225 1872 690
245 1833 366 1884 Impia
384 1830 410 1886 3'
443 1833 628 1872 dixerunt
659 1830 784 1873 evobis
814 1833 1043 1873 inmunibus
1072 1833 1191 1873 huius

246 1891 343 1931 Esse
375 1891 466 1931 mal-i
498 1892 654 1932 dabitur
673 1924 682 1932 .
720 1892 836 1932 modo
867 1897 997 1932 vestra
1028 1892 1240 1943 relinquite
1270 1897 1373 1932 tecta

246 1951 300 1989 Ac
330 1956 488 1990 nostros
519 1952 701 1991 comitate
732 1950 876 2003 gradus
909 1956 948 1990 et
977 1952 1018 1990 in
1050 1951 1170 1990 ardua
1202 1952 1345 1990 montis

246 2009 302 2048 Ite
336 2009 451 2048 simul
470 2006 511 2048 .''
548 2015 690 2062 parent
719 2009 832 2049 ambo
851 2041 862 2062 ‚
893 2009 1121 2061 baculisque
1152 2009 1266 2049 levati

246 2067 435 2106 Nituntur
466 2068 581 2120 longo
613 2070 776 2120 vestigia
806 2080 954 2121 ponere
988 2068 1110 2107 clivo.

159 2134 225 2165 595
246 2125 414 2165 Tantum
446 2126 609 2166 aberant
640 2139 792 2167 summo
811 2159 823 2180 ,
855 2133 1044 2178 quantum
1083 2126 1204 2166 semel
1241 2128 1299 2166 ire
1332 2127 1470 2178 sagitta

246 2184 363 2224 Missa
394 2191 554 2237 potest:
584 2185 730 2226 flexere
763 2186 898 2226 oculos
916 2218 928 2238 ‚
964 2191 1004 2225 et
1034 2197 1163 2225 mersa
1194 2185 1336 2237 palude

247 2243 385 2283 Cetera
415 2245 693 2297 prospiciunt,
725 2250 878 2285 tantum
910 2256 980 2284 sua
1011 2249 1115 2284 tecta
1146 2255 1330 2283 manere.

247 2301 424 2354 Dumque
458 2314 501 2341 ea
533 2304 756 2355 mirantur,
788 2303 882 2342 dum
913 2303 1059 2342 deflent
1089 2303 1166 2342 fata
1198 2314 1385 2354 suorum,
