1538 2496
97 109 182 153 266
378 122 458 145 ΑῘΑΧ
650 106 862 144 ΜΕΤΑΜΜ
875 133 885 144 .

215 220 314 260 Huic
347 220 433 259 date
455 215 478 258 l'
512 224 551 257 et
582 217 753 257 ostendit
784 218 938 269 signum
971 217 1084 257 fatale
1116 216 1333 257 Minervae.

273 278 375 318 Mota
400 289 536 316 manus
556 288 766 327 procerum
793 282 853 315 est
871 307 880 328 ‚
908 281 947 315 et
966 276 1059 327 quid
1079 275 1259 315 facundia
1277 282 1434 330 posset,

214 337 271 376 Re
297 338 450 389 patuit3
483 335 674 386 fortisque
706 336 779 373 viri
811 334 899 373 tulit
931 347 1036 374 arma
1068 333 1263 374 disertus.

214 395 383 434 Hectora
416 394 483 445 qui
515 393 650 446 solus,
684 395 751 444 qui
783 393 932 433 ferrum
964 395 1171 444 ignemque
1205 392 1411 444 lovemque

128 461 195 493 385
218 453 414 492 Sustinuit
446 453 589 491 totiens
608 484 619 504 ,
651 463 768 490 unam
801 464 878 490 non
911 452 1080 490 sustinet
1110 453 1230 491 iram:

215 511 485 562 Invictumque
517 512 644 549 virum
676 512 796 549 vincit
827 510 964 549 dolor.
1004 511 1141 561 arripit
1173 521 1330 563 ensem,

213 569 263 609 Et
295 567 421 608 ‘meus
454 568 516 608 hic
549 574 655 608 certe
688 574 774 608 est.
815 581 862 608 an
895 573 934 608 et
965 568 1068 607 hunc
1101 567 1175 607 sibi
1205 570 1332 620 poscit
1431 593 1436 597 -

1272 624 1437 666 Ulixes?

216 683 315 726 Hoc'
348 688 400 726 ait
427 683 632 726 ‘utendum
660 692 718 726 est
749 687 789 725 in
821 698 882 725 me
915 686 1037 725 mihi.
1077 687 1223 737 quique
1255 697 1396 725 cruore

216 745 339 797 Saepe
365 744 563 797 Phrygum
589 745 765 798 maduit,
798 745 944 783 domini
970 756 1075 783 nunc
1101 743 1218 783 caede
1245 742 1437 798 madebit,

126 812 194 843 390
214 803 271 843 Ne
304 805 510 855 quisquam
542 803 697 842 Aiacem
729 804 853 854 possit
884 814 1072 854 superare
1103 804 1180 842 nisi
1210 802 1304 841 Aiax
1319 799 1343 841 .'

214 862 346 914 Dixit,
379 868 419 902 et
449 863 488 901 in
520 868 661 914 pectus
695 867 778 901 tum
811 861 967 900 demum
999 861 1160 900 vulnera
1191 872 1350 913 passum

215 921 300 967 Qua
331 922 457 972 patuit
487 921 637 960 ferrum
655 952 666 974 ‚
697 920 851 960 letalem
883 919 1057 959 condidit
1088 932 1243 959 ensem.

214 978 296 1018 Nec
327 979 483 1019 valuere
515 991 654 1018 manus
686 979 848 1018 infixum
881 978 1049 1018 educere
1081 978 1228 1018 telum:

171 1077 179 1081 ,
212 1036 375 1089 Expulit
405 1040 488 1089 ipse
522 1050 669 1090 cruor-3
701 1037 980 1088 rubefactaque
1014 1038 1202 1088 sanguine
1236 1036 1350 1076 tellus

127 1105 197 1139 395
214 1095 464 1148 Purpureum
496 1096 609 1135 viridi
641 1098 775 1147 genuit
802 1096 848 1135 de
876 1096 1043 1147 caespite
1069 1095 1231 1147 florem,
1264 1103 1289 1128 r-
1308 1103 1436 1130 clxxvii.

216 1154 293 1201 Qui
323 1157 434 1206 prius
467 1154 625 1194 Oebalio
658 1155 786 1194 fuerat
817 1152 864 1193 de
896 1154 1057 1193 vulnere
1089 1159 1227 1193 natus.

215 1213 363 1253 Littera
395 1214 613 1253 communis
646 1213 787 1252 mediis
819 1224 1021 1264 pueroque
1053 1213 1216 1263 viroque

216 1271 408 1324 Inscripta
441 1278 500 1312 est
531 1271 661 1325 foliis,
691 1271 787 1311 haec
819 1272 1016 1324 nominis,
1048 1270 1111 1309 illa
1143 1269 1359 1322 querellae.

276 1331 409 1371 Victor
442 1331 487 1370 ad
519 1330 750 1382 Hypsipyles
782 1331 947 1381 patriam
979 1329 1150 1381 clarique
1182 1328 1370 1368 Thoantis

128 1397 196 1429 400
216 1389 266 1429 Et
296 1395 474 1429 veterum
506 1395 631 1429 terras
663 1390 826 1428 infames
859 1388 976 1428 caede
1008 1389 1183 1427 virorum

216 1447 308 1487 Vela
340 1448 433 1500 dat,
464 1454 508 1487 ut
540 1448 685 1486 referat
716 1447 919 1498 Tirynthia
950 1446 1026 1486 tela
1044 1478 1055 1500 ‚
1087 1447 1270 1498 sagittas.

219 1506 325 1552 Quae
345 1512 552 1558 postquam
573 1506 618 1545 ad
640 1505 774 1544 Graios
793 1537 803 1559 ,
831 1505 986 1544 domino
1008 1506 1241 1556 comitante,
1269 1505 1440 1557 revexit,

217 1565 389 1616 Inposita
421 1570 481 1603 est
512 1576 600 1604 sero
627 1564 784 1603 tandem
816 1576 953 1603 manus
984 1563 1118 1602 ultima
1150 1562 1274 1602 bello.

220 1623 356 1673 [Troia
394 1623 509 1662 simul
539 1623 797 1673 Priamusque
837 1623 1010 1661 cadunt:
1040 1621 1232 1660 Priameia
1272 1622 1439 1661 coniunx

130 1689 197 1722 405
218 1681 393 1720 Perdidit
424 1681 559 1720 infelix
590 1681 758 1720 hominis
790 1686 879 1732 post
911 1681 1040 1719 omnia
1071 1680 1259 1733 formam,

218 1740 491 1791 Externasque
524 1752 623 1779 novo
655 1739 797 1778 latratu
830 1740 972 1778 terruit
1003 1750 1141 1790 auraS‚

217 1798 375 1850 Longus
406 1800 446 1837 in
479 1804 688 1850 angustum
721 1809 796 1849 qua
828 1795 1373 1848 clatlditurflellesponttls.]

219 1857 316 1896 llion
349 1856 538 1909 ardebat,
570 1869 698 1908 neque
731 1856 858 1895 adhuc
890 1855 1122 1895 consederat
1153 1856 1278 1907 ignis,

221 1915 512 1967 [Exiguumque
544 1917 650 1954 senis
681 1915 825 1953 Priami
856 1914 956 1953 lovis
987 1926 1053 1952 ara
1085 1924 1266 1952 cruorem

131 1981 200 2012 410
221 1974 485 2013 Conbiberat.
524 1979 687 2012 tractata
719 1974 841 2012 comis
873 1973 1046 2011 antistita
1075 1969 1225 2010 Phoebi

220 2031 306 2070 Non
337 2033 583 2083 profecturas
615 2031 799 2071 tendebat
830 2031 877 2070 ad
909 2030 1066 2070 aethera
1097 2029 1265 2082 palmas.

220 2089 457 2129 Dardanidas
489 2096 634 2129 matres
665 2091 884 2142 patriorum
916 2090 1024 2140 signa
1056 2088 1243 2141 deorum,

220 2147 321 2186 Dum
351 2148 443 2186 licet
460 2179 470 2201 ‚
503 2149 697 2200 amplexas
717 2180 727 2199 ,
760 2160 1026 2198 succensaque
1059 2146 1202 2198 templa
1233 2152 1413 2187 tenentes

220 2205 413 2244 Invidiosa
446 2207 605 2246 trahunt
636 2209 806 2246 victores
838 2207 1010 2258 praemia
1043 2205 1154 2244 Grai.

132 2271 200 2303 415
220 2264 388 2302 Mittitur
418 2263 611 2315 Astyanax
642 2265 718 2303 illis
751 2265 799 2304 de
831 2264 1008 2304 turribus
1027 2295 1038 2317 ‚
1069 2263 1174 2303 unde

220 2321 465 2374 Pugnantem
496 2334 568 2373 pro
601 2335 642 2361 se
674 2324 926 2374 proavitaque
958 2334 1079 2374 regna
1110 2318 1288 2361 tuentem
