1527 2580
519 117 605 154 XIV
619 145 628 163 ‚
655 121 837 153 570-641
855 144 862 152 .
1003 128 1138 151 eomozu
1276 112 1360 155 299

140 228 258 268 Unxit
275 259 286 281 ,
318 234 358 268 et
388 227 579 267 ambrosia
613 239 702 267 cum
734 226 838 266 dulci
869 232 1027 266 nectare
1060 227 1179 265 mixta

142 287 312 339 Contigit
342 298 386 325 os
404 318 416 338 ‚
448 287 617 337 fecitque
650 286 795 325 deum.
835 297 952 337 quem
985 283 1098 324 turba
1131 283 1285 329 Quirini

140 345 349 398 Nuncupat
380 344 624 397 Indigetem,
657 344 880 396 temploque
913 345 1068 394 arisque
1102 344 1272 394 recepit.

200 404 294 444 Inde
326 402 399 443 sub
431 405 585 442 Ascanii
618 403 771 441 dicione
804 402 1013 442 binominis
1046 401 1138 440 Alba

52 471 121 503 610
140 463 297 514 Resque
329 461 464 501 Latina
497 463 597 501 suit.
637 462 812 500 succedit
845 461 986 500 Silvius
1018 460 1097 499 illi:

141 521 226 567 Quo
260 527 367 561 satus
401 522 559 571 antiquo
594 522 719 559 tenuit
751 521 916 571 repetita
948 518 1110 558 Latinus

140 580 304 619 Nomina
337 591 426 619 cum
458 584 644 631 sceptro,
683 578 812 617 clarus
844 578 950 617 subit
981 589 1072 616 ecce
1105 576 1286 616 Latinum

141 638 290 690 Epytus
323 650 370 678 ex
401 637 495 676 illo.
535 643 624 688 post
655 637 760 676 hunc
795 636 1043 688 Capetusque
1077 635 1303 687 Capysque‚

141 697 217 736 Sed
251 695 374 749 Capys
406 701 494 735 ante
527 697 628 735 fuit.
667 707 831 747 regnum
863 695 1072 734 Tiberinus
1106 694 1152 732 ab
1184 694 1259 732 illis

53 764 121 796 615
143 755 284 808 Cepit,
316 761 356 794 et
386 757 426 794 in
457 754 577 794 Tusci
609 754 813 793 demersus
844 753 1016 793 fluminis
1049 753 1164 791 undis

140 813 304 853 Nomina
336 814 427 852 fecit
459 825 579 864 aquae
601 845 609 852 .
647 814 695 851 de
728 825 804 864 quo
838 811 1104 863 Remulusque
1138 812 1325 862 feroxque

141 875 282 912 Acrota
313 879 406 912 sunt
436 873 584 923 geniti.
624 871 812 910 Remulus
843 872 1033 910 maturior
1065 871 1176 909 annis

140 931 344 970 Fulmineo
377 932 521 982 periit,
553 931 725 969 imitator
757 929 929 968 fulminis
948 960 959 982 ,
990 930 1093 968 ictu.

140 989 276 1028 Fratre
309 1001 380 1028 suo
413 994 614 1040 sceptrum
645 988 883 1027 moderatior
915 988 1057 1026 Acrota
1088 988 1180 1026 sorti

51 1056 121 1088 620
141 1047 276 1087 Tradit
307 1048 527 1087 Aventino.
568 1049 664 1099 qui,
696 1059 773 1097 quo
805 1051 1017 1097 regnarat,
1050 1045 1188 1085 eodem

142 1106 272 1146 Monte
304 1107 406 1145 iacet
435 1107 587 1157 positus
606 1136 617 1158 ‚
651 1105 867 1156 tribuitque
899 1103 1086 1143 vocabula
1119 1105 1265 1142 monti.

142 1165 298 1216 Iamque
331 1164 526 1203 Palatinae
558 1175 749 1203 summam
781 1163 904 1202 Proca
935 1164 1063 1214 gentis
1093 1162 1288 1201 habebat.

142 1223 247 1275 Rege
279 1223 352 1262 sub
385 1223 459 1262 hoc
491 1222 662 1261 Pomona
695 1223 768 1261 suit
786 1253 797 1274 ‚
829 1233 905 1272 qua
937 1221 1041 1260 nulla
1073 1220 1229 1259 Latinas

142 1282 248 1322 Inter
279 1281 557 1333 hamadryadas
589 1280 711 1319 coluit
741 1279 938 1319 sollertius
971 1279 1130 1331 hortos,

54 1348 122 1381 625
142 1340 223 1380 Nec
255 1341 329 1380 suit
360 1339 515 1379 arborei
547 1339 759 1378 studiosior
791 1338 911 1377 altera
943 1339 1071 1377 setus:

143 1399 253 1438 Unde
285 1404 394 1438 tenet
425 1410 567 1437 nomen
587 1429 596 1436 .
635 1409 713 1436 non
746 1397 860 1436 silvas
891 1396 954 1435 illa
986 1408 1058 1435 nec
1092 1407 1249 1448 amnes,

144 1458 224 1497 Rus
256 1463 358 1497 amat
389 1463 429 1497 et
459 1468 587 1496 ramos
620 1449 745 1495 seli'cia
776 1467 891 1507 poma
923 1456 1118 1493 serentes.

143 1516 223 1555 Nec
254 1516 379 1555 iaculo
412 1517 538 1567 gravis
571 1520 659 1567 est,
692 1513 760 1553 sed
794 1514 942 1553 adunca
975 1513 1135 1552 dextera
1168 1511 1290 1564 falce,

54 1582 122 1615 629
143 1576 226 1621 Qua
259 1574 373 1613 modo
405 1573 601 1614 luxuriem
631 1573 776 1625 premit
807 1577 846 1611 et
878 1574 1083 1623 spatiantia
1117 1576 1254 1609 contra

68 1655 122 1661 —
144 1633 330 1672 Bracchia
362 1633 605 1683 compescit,
637 1632 728 1670 fisso
761 1630 875 1669 modo
909 1632 1056 1669 cortice
1082 1629 1232 1680 lignum

146 1691 286 1730 Inserit
303 1722 314 1743 ,
347 1696 387 1730 et
417 1701 533 1729 sucos
565 1689 690 1728 alieno
722 1693 896 1740 praestat
927 1688 1106 1727 alumno.

145 1749 224 1788 Nec
256 1750 403 1788 sentire
436 1750 541 1787 sitim
572 1749 719 1799 patitur
738 1778 748 1798 ,
780 1746 1013 1797 bibulaeque
1045 1750 1226 1785 retunsas

147 1808 300 1847 Radicis
332 1807 450 1846 fibras
482 1805 704 1845 labentibus
736 1806 873 1856 irrigat
904 1804 1042 1843 undis.

146 1866 216 1905 llic
248 1878 385 1919 amor,
416 1865 490 1904 hoc
522 1864 723 1904 studium.
762 1863 924 1902 Veneris
957 1874 1112 1914 quoque
1145 1861 1249 1900 nulla

1111 1921 1251 1972 cupido
1285 1926 1363 1962 est.

0 1999 4 2019 ε
57 1991 125 2024 635
146 1983 229 2022 Vim
261 1988 391 2022 tamen
423 1987 622 2034 agrestum
653 1986 832 2021 metuens
863 1981 1036 2032 pomaria
1068 1979 1212 2018 claudit

147 2042 256 2081 lutus
275 2072 286 2094 ‚
318 2047 358 2080 et
388 2053 570 2080 accessus
602 2039 785 2092 prohibet
816 2039 1038 2090 refugitque
1070 2037 1225 2077 viriles.

147 2100 248 2146 Quid
281 2111 359 2139 non
391 2104 431 2138 et
463 2099 619 2151 Satyri,
651 2097 853 2137 saltatibus
886 2103 973 2148 apta
1004 2098 1211 2148 iuventus,

146 2159 293 2198 Fecere
326 2163 365 2197 et
396 2159 490 2209 pinu
523 2158 738 2208 praecincti
770 2167 916 2195 cornua
948 2155 1097 2207 Panes,

149 2216 437 2268 Silvanusque,
467 2216 550 2254 suis
582 2227 738 2267 semper
769 2213 976 2253 iuvenilior
1007 2215 1142 2266 annis,

0 2266 4 2315 Ι
58 2283 128 2316 640
148 2275 302 2327 Quique
330 2274 427 2314 deus
459 2274 567 2313 sures
599 2274 658 2312 vel
690 2273 816 2325 salce,
849 2272 909 2312 vel
939 2273 1099 2323 inguine
1131 2277 1279 2324 terret,

147 2333 197 2373 Ut
227 2339 459 2386 poterentur
491 2329 576 2372 ea?
607 2331 676 2371 sed
709 2333 813 2371 enim
845 2330 1054 2384 superabat
1085 2330 1247 2370 amando
