1554 2506
141 119 195 160 98
340 130 550 153 mosam-ma
693 113 905 149 METAMM
920 139 930 149 .

258 229 351 268 Inde
385 228 518 266 tremit
550 224 664 264 tellus
698 230 735 262 et
767 235 835 262 rex
867 229 981 275 pavet
1011 224 1095 275 ipse
1128 222 1337 275 silentum,

258 286 315 325 Ne
347 291 477 338 pateat
506 284 662 333 latoque
695 281 822 321 solum
853 287 1054 333 retegatur
1084 282 1216 334 hiatu,

259 345 526 393 Inmissusque
558 341 642 380 dies
672 339 914 392 trepidantes
946 346 1094 380 terreat
1123 339 1305 380 umbras.

259 403 366 441 Hanc
397 406 578 440 metuens
610 399 758 440 cladem
789 398 999 438 tenebrosa
1029 398 1121 438 sede
1153 405 1342 450 tyrannus

170 470 238 501 360
258 461 444 558 ffxierat,
476 470 676 509 curruque
708 463 884 497 atro-rum
915 463 1052 496 vectus
1084 468 1278 508 equorum

292 518 437 557 subibat
469 516 623 556 Siculae
656 522 793 556 cautus
825 515 1050 555 fundamina
1081 521 1234 555 terrae.

257 578 470 628 Postquam
502 575 747 627 exploratum
779 576 873 614 satis
905 580 995 627 est,
1026 574 1111 613 loca
1142 573 1247 613 nulla
1280 572 1438 627 labare,

257 636 511 687 Depositique
542 640 671 673 metus
689 665 700 686 ,
733 634 838 672 videt
868 633 973 672 hunc
1004 632 1172 684 Erycina
1204 639 1406 683 vagantem

257 694 388 733 Monte
421 706 492 732 suo
525 692 702 732 residens
721 723 733 745 ‚
764 697 977 742 natumque
1009 691 1184 743 amplexa
1217 691 1415 731 volucrem

171 761 237 792 365
260 750 424 791 mArma
443 763 660 802 manusque
681 762 790 789 meae
808 782 819 803 ,
850 762 936 789 mea
953 781 966 804 ,
997 755 1086 789 nate
1104 781 1117 802 ,
1146 751 1322 801 potentia
1339 746 1367 802 ,’
1387 750 1486 789 dixit

259 810 341 850 ‘nia
358 843 370 864 ,
403 811 545 862 quibus
577 821 740 861 superas
772 820 907 847 omnes
926 840 937 859 ‚
969 819 1064 859 cape
1095 808 1200 861 tela,
1233 807 1406 862 Cupid0,

257 871 379 921 Inque
413 869 475 908 dei
506 874 644 921 pectus
677 867 828 907 celeres
860 867 997 906 molire
1030 868 1213 920 sagittas,

259 930 330 968 Cui
362 928 527 979 triplicis
559 928 678 966 cessit
709 928 866 965 fortuna
897 926 1108 965 novissima
1138 926 1272 977 regni.

258 988 317 1026 Tu
350 999 514 1038 superos
546 987 753 1037 ipsumque
787 984 916 1023 Iovem
935 1016 946 1037 ‚
979 989 1022 1023 tu
1053 985 1213 1023 numina
1244 985 1353 1036 ponti

170 1054 238 1086 370
260 1045 367 1085 Victa
399 1046 533 1084 domas
564 1046 772 1096 ipsumque
791 1075 802 1096 ‚
834 1044 936 1094 regit
968 1044 1037 1094 qui
1069 1044 1229 1082 numina
1261 1044 1394 1094 ponti.

258 1105 420 1143 Tartara
453 1103 545 1154 quid
578 1099 774 1141 cessant?
806 1114 878 1140 cur
910 1113 988 1140 non
1020 1102 1235 1152 matrisque
1268 1107 1459 1153 tuumque

258 1164 471 1214 Imperium
502 1162 656 1213 profers
675 1158 697 1199 *Ρ
729 1161 857 1211 agitur
889 1171 980 1211 pars
1012 1161 1128 1198 tertia
1159 1159 1318 1199 mundi.

258 1221 308 1260 Et
340 1229 469 1260 tamen
500 1222 541 1259 in
573 1219 679 1258 caelo
699 1250 710 1271 ,
743 1231 841 1270 quae
873 1220 950 1257 iam
981 1219 1168 1269 patientia
1199 1223 1334 1257 nostra
1365 1223 1449 1271 est,

261 1280 493 1332 Spei-nimur
526 1291 569 1317 ac
602 1289 757 1317 mecum
789 1279 892 1316 vires
924 1278 1157 1315 minuuntur
1188 1276 1364 1316 Amoris.

171 1346 238 1378 375
259 1338 413 1377 Pallada
444 1349 574 1376 nonne
606 1336 714 1375 vides
746 1335 1091 1386 iaculatricemque
1122 1334 1285 1374 Dianam

259 1397 507 1437 Abscessisse
540 1393 674 1434 mihi?
707 1394 862 1434 Cereris
895 1406 1052 1445 quoque
1085 1393 1161 1433 filia
1192 1395 1326 1446 virgo,

261 1456 302 1495 Si
334 1457 558 1507 patiemur,
591 1455 695 1493 erit:
728 1465 817 1491 nam
850 1465 938 1504 spes
971 1453 1126 1491 affectat
1157 1452 1336 1491 easdem.

260 1517 308 1553 At
340 1521 381 1553 tu
414 1526 485 1565 pro
520 1515 656 1565 soci0,
689 1513 799 1562 siqua
833 1517 893 1550 est
926 1523 969 1549 ea
1001 1512 1152 1563 gratia,
1184 1522 1307 1562 regno

261 1573 381 1624 lunge
413 1572 525 1611 deam
556 1577 695 1622 patruo
712 1567 768 1609 .”'
806 1569 905 1608 dixit
938 1568 1067 1608 Venus
1088 1601 1096 1608 .
1134 1569 1198 1608 ille
1230 1568 1454 1620 pharetram

175 1641 242 1672 380
264 1632 387 1670 Solvit
418 1637 457 1670 et
489 1630 649 1669 arbitrio
682 1629 816 1668 matris
848 1628 895 1666 de
927 1627 1030 1667 mille
1064 1629 1215 1679 sagittis
1432 1623 1438 1630 ’

260 1690 385 1729 Unam
418 1690 622 1741 seposuit,
655 1687 723 1727 sed
755 1699 830 1738 qua
862 1699 935 1725 nec
967 1688 1118 1725 acutior
1149 1686 1226 1725 nlla

260 1749 341 1788 Nec
373 1749 502 1787 minus
535 1749 684 1786 incerta
716 1751 804 1798 esti,
836 1758 909 1784 nec
936 1757 1033 1796 quae
1055 1746 1176 1796 magis
1197 1744 1327 1785 audiat
1346 1756 1486 1797 arcus3

261 1808 528 1859 Oppositoque
561 1818 663 1857 genu
696 1806 870 1844 curvavit
900 1804 1028 1843 ssexile
1060 1816 1226 1843 cornum

262 1867 384 1917 Inque
418 1878 485 1904 cor
517 1866 669 1903 hamata
700 1865 897 1915 percussit
928 1863 1146 1902 harundine
1178 1862 1330 1902 Ditem.

322 1925 432 1963 Haud
464 1923 602 1975 procul
635 1922 829 1962 Hennaeis
855 1922 962 1960 lacus
995 1914 1120 1961 effi
1136 1920 1344 1960 moenibus
1364 1920 1486 1972 altae,

261 1983 424 2022 Nomine
457 1983 607 2034 Pergus
626 2014 636 2034 ,
668 1993 790 2032 aquae
810 2011 818 2020 .
858 1992 935 2019 non
966 1980 1030 2019 illo
1062 1979 1174 2031 plura
1206 1978 1388 2030 Caystros

263 2042 441 2081 Carmina
475 2053 685 2093 cycnorum
718 2038 939 2078 labentibus
971 2039 1079 2077 audit
1110 2040 1148 2077 in
1182 2038 1319 2077 undis.

265 2101 367 2139 Silva
400 2107 561 2138 coronat
593 2111 712 2150 aquas
745 2100 906 2150 cingens
938 2097 1039 2136 latus
1071 2109 1209 2149 omne,
1241 2098 1402 2148 suisque

263 2159 483 2198 Frondibus
517 2165 559 2197 ut
590 2159 674 2197 velo
706 2156 910 2196 Phoebeos
943 2161 1162 2195 summovet
1192 2156 1325 2207 ignes.

176 2227 243 2258 390
263 2218 424 2268 Frigora
457 2217 548 2256 dant
568 2218 694 2269 rami,
720 2216 859 2268 Tyrios
891 2216 1034 2254 humus
1065 2214 1197 2254 umida
1227 2213 1369 2254 ssores:

263 2277 503 2328 Perpetuum
537 2288 602 2314 ver
636 2281 722 2314 est.
762 2287 839 2326 quo
872 2274 965 2313 dum
996 2273 1232 2325 Proserpina
1262 2272 1351 2312 luco

264 2335 410 2389 Ludit,
443 2341 481 2375 et
513 2340 579 2375 aut
612 2333 729 2374 violas
762 2339 828 2373 aut
860 2332 1020 2373 candida
1053 2332 1131 2372 lilia
1162 2332 1311 2385 carpit,

175 1934 241 1965 385
