1507 2580
1210 100 1345 135 XXXV

7 222 84 260 quo
114 221 326 249 nervosam
358 211 399 248 et
429 209 671 259 incomptam
697 210 965 248 narrationem
992 210 1283 259 ampliaverunt
1309 214 1349 248 et

7 268 211 308 diluerunt
246 268 553 317 interpolatores
590 280 637 306 ne
671 269 834 307 Heinsio
873 269 1029 317 quidem
1069 269 1347 307 intercedente.

128 323 212 366 783
245 334 338 373 QUA
371 334 536 366 RAUCA.
597 327 724 365 visum
757 328 830 365 hoc
861 327 987 365 latere
1018 328 1058 364 in
1085 327 1125 364 M
1151 328 1349 376 scriptura

7 397 91 434 quo.
140 396 250 432 quem
287 397 375 423 cum
412 385 576 435 reliquis
616 386 796 423 omnibus
829 386 873 423 E.
1005 386 1189 423 Aliorum
1221 398 1348 424 emen-

6 444 187 483 dationes
223 444 355 492 recepi
394 445 475 482 381
516 444 689 482 Bentleii
711 446 792 482 763
837 447 1011 482 veterem
1052 445 1183 482 nescio
1226 445 1349 483 cuius.

6 503 49 541 in
78 502 162 541 Erf.
191 502 409 541 notabilem
447 503 579 541 inveni
617 503 946 552 orthographiam
979 503 1138 541 Dissicz't
1170 503 1267 552 386,
1304 505 1350 541 ut

5 561 187 610 proximo
238 561 340 599 libro
391 562 446 599 58
499 561 656 610 addicit,
707 561 754 599 de
805 574 882 610 qua
931 562 1091 599 Lac-hm.
1142 562 1191 599 ad
1234 561 1350 600 Lucr.

5 632 72 669 pp.
100 620 202 669 128,
233 620 327 658 188.
389 619 592 668 desumpsi
630 632 677 658 ex
714 632 758 657 eo
798 620 986 669 quidquid
1020 633 1042 657 a
1073 621 1113 657 M
1146 620 1279 658 differt
1309 621 1350 658 in

6 691 70 717 vv.
105 679 157 716 17
205 678 258 716 37
310 679 367 716 40
418 679 472 716 46
524 679 578 716 48
631 679 685 717 57
739 679 793 716 60
845 680 899 716 64
947 679 997 715 66
1033 682 1108 717 tuto
1152 674 1212 730 (M
1255 679 1351 728 quid

6 736 174 786 habeat,
210 747 289 774 non
319 732 474 788 notavi)
526 738 577 775 72
632 738 685 775 74
739 738 790 774 76
825 732 885 787 (Μ
917 732 1052 789 aliter)
1104 738 1158 776 94
1190 733 1249 789 (Μ
1281 732 1351 789 al.)

9 796 90 834 101
124 791 185 846 (M
215 791 284 845 al.)
338 796 418 832 112
473 796 554 834 137
591 790 844 845 (Sardinibus
875 796 933 846 M)
994 797 1073 833 147
1131 797 1211 834 149
1266 797 1350 834 160

10 855 93 892 164
144 854 226 892 166
261 849 357 906 (-tus
381 849 440 904 M)
487 854 569 892 175
617 855 698 892 176
748 855 829 892 194
877 855 958 892 218
1007 856 1087 892 261
1137 855 1218 892 265
1267 855 1349 893 273

7 907 161 964 (-lcmq‚·
191 907 252 964 M)
297 912 380 950 282
427 913 507 950 291
544 907 696 963 (raptor
721 907 781 964 M)
826 913 911 951 300
945 913 1091 960 tysbeas
1123 914 1205 951 301
1254 913 1352 961 314,

9 971 92 1009 315
127 970 202 1008 hoc
233 969 370 1008 ordine
422 971 506 1009 318
540 966 706 1022 (displic.
738 965 798 1023 M)
850 971 933 1009 343
980 972 1062 1009 401
1099 971 1147 1008 ab
1181 971 1262 1008 acri
1294 966 1353 1022 (in

8 1030 96 1077 agri
125 1023 185 1081 M)
237 1030 321 1066 421
369 1029 467 1078 422,
501 1029 570 1068 sed
602 1030 747 1068 omisso
780 1032 833 1067 est
876 1030 959 1067 426
1006 1030 1090 1067 436
1136 1031 1220 1068 439
1266 1030 1350 1068 449

8 1088 93 1126 456
143 1087 227 1125 458
274 1088 359 1125 464
403 1088 487 1126 469
534 1089 619 1126 493
666 1088 749 1126 507
797 1088 878 1126 562
926 1089 1008 1126 597
1058 1090 1141 1126 610
1188 1089 1270 1126 626
1293 1086 1353 1139 (Μ

9 1140 81 1198 al.)
129 1147 210 1183 635
259 1147 341 1183 645
390 1147 472 1184 655
520 1147 603 1184 659
638 1141 758 1198 (nunc
788 1141 848 1198 M)
895 1147 978 1184 674
1026 1147 1109 1184 680
1141 1141 1267 1196 (Num
1298 1149 1349 1184 tu-

9 1204 136 1243 lerant
166 1200 226 1256 M)
273 1204 355 1242 687
404 1205 486 1243 695
535 1206 630 1252 739,
661 1204 809 1253 partim
840 1217 912 1253 pro
944 1217 980 1242 v.
1008 1216 1080 1242 scr.
1128 1205 1209 1243 759
1258 1206 1354 1254 769,

9 1262 80 1302 sed
110 1257 270 1312 qperyen
315 1263 398 1301 774
445 1263 527 1300 786
575 1265 670 1300 795.

126 1316 233 1359 LIB.
263 1315 348 1358 XII
385 1334 422 1359 v.
458 1318 508 1358 17
542 1328 856 1360 ABSCONDIDIT
889 1334 988 1370 mea,
1021 1324 1130 1371 puto,
1162 1323 1353 1360 correctio

7 1379 143 1418 fuerat
179 1379 395 1417 secundum
426 1379 466 1416 M
506 1391 603 1427 quas
640 1381 816 1419 condidit.
967 1377 1022 1418 23
1054 1388 1114 1418 ΕΤ
1148 1387 1353 1419 SUPERAT

9 1445 262 1477 SERPENTIS
306 1445 514 1476 IMAGINE.
575 1438 699 1476 habet
746 1439 787 1476 M
838 1441 872 1476 et
919 1442 1047 1477 servat
1088 1450 1187 1487 serp.
1250 1439 1354 1488 quod

9 1496 229 1546 edideram,
270 1508 351 1535 non
392 1496 581 1546 verebar,
629 1509 679 1535 ne
723 1497 773 1535 ad
821 1498 992 1546 ineptias
1039 1497 1354 1547 detorqueretur.

9 1555 203 1604 putabam
237 1557 378 1594 notum
407 1557 479 1593 aut
509 1567 530 1593 e
560 1555 697 1594 lexicis
729 1556 813 1604 peti
849 1569 983 1605 posse,
1021 1567 1206 1604 superare
1238 1568 1354 1605 saepe

10 1613 237 1663 significare
279 1624 496 1662 superesse;
541 1615 662 1652 etiam
707 1615 929 1663 permutari
969 1627 992 1652 a
1030 1615 1169 1653 scribis
1212 1626 1355 1662 supare

9 1683 101 1710 cum
129 1671 277 1710 lineola
315 1674 356 1710 et
392 1683 548 1712 servare
583 1673 756 1711 memini.
818 1673 917 1711 sicui
947 1675 1083 1711 tamen
1114 1673 1354 1723 displice1et,

9 1732 171 1780 poterat
201 1730 422 1780 periclitari
453 1734 487 1769 et
517 1738 679 1770 SERPIT
711 1733 896 1780 sementis
926 1733 1092 1779 imagine
1117 1743 1264 1769 saxum.

9 1785 96 1828 268
134 1797 184 1827 IN
219 1796 398 1827 LUMINA
435 1797 575 1828 RAMO.
627 1790 733 1828 solus
776 1790 818 1828 M
861 1791 1010 1828 lumina
1052 1790 1184 1828 uultu:
1226 1790 1354 1828 latere

9 1847 139 1897 possit
180 1855 358 1896 VALLO‚
399 1849 447 1886 ut
488 1850 551 1887 est
593 1849 728 1887 Amor.
760 1857 777 1887 1
806 1850 860 1887 14
902 1850 952 1887 15
998 1849 1144 1886 vallum
1179 1851 1354 1898 pectinis,

7 1906 104 1944 valli
140 1906 246 1955 apud
281 1906 457 1944 Plinium
492 1915 612 1945 xvm
640 1908 736 1946 296.
886 1904 970 1945 327
1009 1914 1232 1945 VELLERE.
1289 1908 1354 1945 tol-

9 1964 86 2002 lere
114 1964 168 2002 M.
309 1961 394 2003 356
428 1972 600 2004 somno
632 1973 898 2004 mmmmm
929 1973 1095 2004 DUDUM
1127 1965 1353 2005 ANNOSAM

9 2030 473 2062 PINUM—TEMPTAT.
529 2024 706 2062 divellere
736 2025 849 2062 dwmo
876 2024 917 2061 M
949 2026 989 2062 et
1020 2024 1130 2062 codd.
1162 2024 1354 2074 plerique,

9 2093 35 2119 a
65 2093 145 2131 qua
176 2081 375 2130 scriptura
404 2093 477 2120 nec
507 2082 815 2131 interpolatores
847 2083 966 2132 longe
999 2082 1202 2121 discedere
1234 2095 1352 2122 ausos

8 2139 158 2178 videas.
218 2141 385 2178 solidum
417 2140 661 2179 substantivi
692 2141 777 2179 loco
809 2141 949 2190 habeo,
979 2144 1026 2179 ut
1057 2141 1166 2179 Fast.
1199 2150 1247 2179 1v
1268 2143 1347 2179 821

8 2198 136 2237 Fossa
158 2199 204 2245 sit
227 2199 280 2237 ad
303 2199 479 2237 solidum.
531 2195 723 2247 ‘dudum,’
751 2199 856 2249 quod
887 2199 1120 2238 adverbium
1152 2200 1354 2248 praesenti

8 2257 122 2306 iungi
148 2257 262 2307 solet,
295 2252 509 2306 ‘temptat'
535 2257 573 2295 h.
588 2270 621 2296 e.
642 2270 687 2296 eo
712 2258 906 2307 temporis
933 2259 1075 2309 spatio,
1108 2271 1184 2308 quo
1211 2271 1353 2307 gerun-

8 2317 88 2366 tur,
119 2328 220 2365 quae
243 2316 427 2355 versibus
453 2315 588 2354 decem
614 2316 885 2366 superioribus
917 2317 1072 2366 insunt;
1105 2317 1244 2354 deinde
1275 2328 1354 2354 non

1022 2384 1068 2415 e*
