1554 2506
99 74 180 116 132
386 87 502 108 manna
676 70 891 106 METAMM
905 100 912 107 .

213 181 327 224 ‘Nox'
359 185 413 223 ait
443 180 610 222 ‘arcanis
641 181 827 220 fidissima
845 213 856 234 ,
889 193 1067 233 quaeque
1099 181 1251 222 diurnis

212 244 339 282 Aurea
371 255 461 281 cum
492 241 582 280 luna
614 239 825 279 succeditis
857 240 1012 292 ignibus
1031 271 1042 293 ‚
1074 246 1201 293 astra,

212 302 350 352 Tuque
384 302 528 351 triceps
561 298 705 338 Hecate
723 330 735 351 ,
766 311 866 350 quae
892 300 1047 355 coeptis
1073 300 1230 339 conscia
1261 300 1406 339 nostris

127 367 192 400 195
215 361 471 410 Adiutrixque
503 359 611 397 venis
644 363 859 409 cantusque
892 360 1067 409 artisque
1099 369 1325 411 magorum,

213 419 398 468 Quaeque
431 429 593 469 magos,
624 416 786 469 Tellus,
819 416 1056 468 pollentibus
1087 418 1252 456 instruis
1279 415 1435 470 herbis,

211 461 417 586 Audaeque
449 481 490 514 et
520 476 627 514 venti
657 481 890 525 montesque
922 487 1136 527 amnesque
1167 474 1378 528 lacusque,

212 536 259 574 Di
288 547 336 573 ue
370 546 504 573 omnes
536 546 771 586 nemorum,
803 533 920 585 dique
953 546 1089 573 omnes
1121 535 1248 573 noctis
1280 533 1436 574 adeste:

215 594 391 640 Quorum
422 605 496 644 ope
514 624 526 645 ,
557 605 648 632 cum
680 593 811 645 volui,
843 594 939 644 ripis
971 592 1204 633 mirantibus
1236 604 1370 632 amnes

126 653 256 692 2001η
288 652 415 690 fontes
448 652 602 690 rediere
635 664 726 691 suos
745 684 755 704 ‚
789 663 1059 702 concussaque
1091 653 1212 703 sisto,

213 711 362 750 Stantia
394 711 576 750 concutio
610 716 726 749 cantu
759 711 856 749 freta
876 742 886 762 ‚
918 709 1051 749 nubila
1082 709 1184 761 pello

212 769 430 821 Nubilaque
463 769 604 808 induco
624 801 635 822 ,
667 774 804 808 ventos
835 768 1027 820 abigoque
1060 780 1260 821 vocoque,

212 824 396 880 vipereas
428 840 568 879 rumpo
601 827 730 867 verbis
763 833 803 866 et
834 828 1006 866 carmine
1038 827 1195 880 fauces,

212 887 382 938 Vivaque
415 899 505 925 saxa
537 899 606 926 sua
639 886 900 937 convulsaque
934 885 1076 924 robora
1107 891 1214 925 terra

125 953 192 986 205
212 946 264 985 Et
295 945 409 984 silvas
440 957 576 984 moveo
595 977 606 998 ‚
637 944 832 995 iubeoque
866 951 1104 984 tremescere
1135 950 1289 984 montes

212 1004 263 1043 Et
293 1006 444 1055 mugire
476 1004 633 1057 solum,
664 1015 877 1056 manesque
909 1005 1016 1042 exire
1047 1002 1290 1055 sepulchris.

213 1063 268 1102 Te
295 1075 451 1114 quoque
471 1094 481 1116 ,
513 1062 623 1101 Luna
640 1093 651 1115 ‚
683 1062 794 1101 traho
814 1094 824 1114 ,
858 1063 1032 1113 quamvis
1051 1061 1263 1101 Temesaea
1282 1060 1434 1102 labores

213 1123 313 1160 Aera
343 1128 432 1161 tuos
470 1123 676 1160 minuant:
709 1133 851 1159 currus
891 1132 1047 1171 quoque
1086 1122 1258 1160 carmine
1299 1125 1434 1160 nostro

212 1180 336 1219 Pallet
367 1181 454 1232 avi3
486 1180 604 1231 pallet
634 1181 780 1218 nostris
813 1179 964 1218 Aurora
996 1180 1180 1218 venenis.

125 1248 193 1280 210
212 1239 288 1278 Vos
321 1238 415 1278 mihi
446 1244 651 1278 taurorum
684 1239 856 1276 flammas
888 1237 1130 1290 hebetastis,
1162 1244 1201 1277 et
1233 1249 1334 1277 unco

212 1298 410 1349 inpatiens
442 1298 575 1336 oneris
608 1296 751 1336 collum
783 1297 984 1348 pressistis
1017 1302 1169 1335 aratro.

213 1356 288 1396 Vos
321 1357 607 1407 serpentigenis
639 1357 679 1394 in
711 1367 753 1395 se
785 1356 867 1395 fera
898 1354 998 1394 bella
1030 1354 1216 1407 dedistis,

215 1415 505 1466 Custodemque
537 1414 676 1453 rudem
708 1415 835 1453 somni
867 1415 1055 1467 sopistis,
1086 1420 1126 1452 et
1156 1425 1295 1453 aurum

214 1473 376 1513 Vindice
407 1474 572 1525 decepto
606 1472 739 1512 Graias
771 1474 933 1512 misistis
964 1473 1004 1511 in
1036 1471 1177 1512 urbes.

127 1541 194 1572 215
214 1533 328 1572 Nunc
359 1544 458 1584 opus
489 1537 551 1571 est
581 1533 685 1571 sucis
704 1563 716 1584 ‚
746 1543 817 1583 per
849 1543 948 1582 quos
979 1536 1164 1570 renovata
1194 1536 1377 1571 senectus

216 1592 258 1631 ln
290 1591 428 1630 norem
459 1590 622 1643 redeat,
653 1591 880 1642 primosque
912 1589 1114 1641 recolligat
1145 1600 1290 1629 annos.

215 1650 265 1689 Et
296 1649 465 1688 dabitis.
503 1661 631 1700 neque
664 1650 769 1688 enim
800 1650 1025 1688 micuerunt
1056 1648 1185 1687 sidera
1216 1649 1386 1700 frustra,

215 1709 296 1748 Nec
329 1709 475 1747 frustra
506 1708 709 1747 volucrum
740 1713 890 1746 tractus
922 1709 1075 1747 cervice
1107 1707 1321 1747 draconum

216 1768 366 1806 Currus
399 1767 509 1805 adest
527 1763 552 1806 .'
591 1766 724 1805 aderat
755 1766 949 1805 demissus
980 1766 1028 1805 ab
1061 1765 1219 1805 aethere
1251 1777 1414 1806 currus.

129 1835 196 1866 220
217 1827 302 1872 Quo
335 1825 450 1864 simul
482 1824 658 1864 ascendit
675 1857 687 1878 ‚
718 1825 946 1876 frenataque
978 1824 1076 1864 colla
1107 1824 1322 1864 draconum

216 1884 428 1923 Permulsit
444 1916 456 1937 ‚
488 1883 746 1935 manibusque
778 1883 882 1923 leves
915 1883 1297 1937 agitavitxhabenas,

218 1943 403 1982 Sublimis
435 1944 616 1996 rapitur,
648 1942 902 1993 subiectaque
935 1941 1120 1981 Thessala
1151 1941 1298 1993 Tempe

219 2001 380 2053 Dispicit
398 2033 409 2054 ‚
442 2007 480 2041 et
511 2001 670 2041 Tricces
702 2001 929 2052 regionibus
961 2001 1128 2052 applicat
1159 2012 1328 2052 angues:

217 2059 265 2099 Et
297 2072 393 2110 quas
426 2059 523 2099 Ossa
554 2060 671 2113 tulit,
704 2072 799 2111 quas
831 2059 952 2099 altum
983 2059 1119 2098 Pelion
1150 2058 1315 2111 herbas,

129 2126 196 2158 225
218 2118 361 2169 Othrys
394 2130 490 2170 quas
522 2118 749 2170 Pindusque
781 2124 821 2157 et
851 2118 975 2157 Pindo
1007 2119 1131 2157 maior
1163 2117 1374 2171 Olympus,

217 2177 410 2228 Perspicit
427 2208 439 2229 ,
470 2182 510 2216 et
541 2177 700 2228 placitas
733 2178 875 2229 partim
908 2176 1038 2216 radice
1069 2176 1245 2229 revellit,

216 2236 365 2274 Partim
396 2235 563 2274 succidit
594 2237 819 2275 curvamine
851 2235 960 2275 salcis
991 2238 1133 2275 aenae.

215 2294 336 2334 Multa
367 2305 524 2345 quoque
557 2294 721 2345 Apidani
753 2295 988 2346 placuerunt
1017 2295 1192 2346 gramina
1224 2294 1339 2346 ripis,
