1527 2580
538 111 626 155 ΧΠ,
653 115 837 148 366-428
853 139 860 146 .
981 123 1153 147 Lamnas
1284 111 1367 152 249

148 220 229 261 Nec
261 226 298 260 te
330 227 569 274 pugnantem
602 228 666 262 tua
685 254 696 274 ,
729 221 876 274 Cyllare
896 253 907 273 ,
939 221 1062 261 forma
1093 221 1282 270 redemit,

149 279 189 319 Si
221 279 335 319 modo
369 286 529 319 naturae
563 281 726 320 formam
758 280 1010 320 concedimus
1040 279 1117 319 illi.

60 347 127 378 395
148 338 272 378 Barba
305 345 389 378 erat
420 340 612 391 incipiens
631 371 642 392 ,
674 339 817 379 barbae
850 339 958 378 color
989 351 1133 379 aureus
1151 370 1163 392 ,
1195 350 1310 378 aurea

147 396 205 436 Ex
237 399 384 437 umeris
415 397 565 437 medios
597 410 706 438 coma
739 397 983 450 dependebat
1013 399 1054 437 in
1085 409 1237 436 armos.

148 455 291 496 Gratus
322 458 362 495 in
395 468 462 495 ore
495 458 633 509 vigor3
665 459 795 496 cervix
829 459 1034 508 umerique
1066 467 1284 507 manusque

147 514 391 566 Pectoraque
424 516 619 555 artificum
651 515 816 556 laudatis
847 517 1024 567 proxima
1056 516 1201 568 signis,

149 572 199 613 Et
230 585 476 625 quacumque
508 576 566 614 vir
599 580 687 614 est:
719 586 792 614 nec
824 576 915 626 equi
947 573 1133 614 mendosa
1165 572 1238 613 sub
1270 572 1334 612 illo

62 641 131 672 400
153 631 412 683 Deteriorque
443 633 526 672 viro
560 633 707 672 facies.
747 632 794 672 da
826 632 923 672 colla
956 638 1174 685 caputque,

149 690 310 730 Castore
343 691 482 743 dignus
515 692 619 731 erit:
651 693 707 731 sic
739 697 893 744 tergum
926 692 1092 744 sessile,
1123 693 1180 730 sic
1213 696 1316 730 stant

148 748 314 788 Pectora
345 749 447 789 celsa
479 751 605 790 toris:
637 756 744 790 totus
774 751 860 803 pice
894 751 1042 802 nigrior
1075 755 1181 802 atra,

149 806 320 848 Candida
352 808 474 848 cauda
507 814 667 862 tamen,
699 808 808 848 color
841 814 901 848 est
933 821 1089 861 quoque
1122 807 1304 848 cruribus

1241 865 1370 905 albus,

149 925 292 965 Multae
323 925 432 966 illum
463 927 613 979 petiere
646 939 715 966 sua
747 925 794 966 de
827 933 973 979 gente,
1005 926 1073 966 sed
1104 938 1181 965 una

62 991 128 1023 405
150 984 321 1024 Abstulit
351 984 565 1037 Hylonome
585 1017 596 1037 ,
629 997 704 1036 qua
736 985 840 1024 nulla
873 985 1075 1024 decentior
1108 986 1210 1024 inter

152 1043 365 1083 Semiferos
398 1043 484 1082 altis
515 1043 703 1083 habitavit
734 1044 878 1083 femina
910 1043 1039 1083 silvis.

151 1101 256 1141 Haec
287 1107 327 1142 et
355 1101 554 1141 blanditiis
586 1108 626 1141 et
656 1102 819 1142 amando
852 1108 892 1142 et
923 1113 1052 1142 amare
1085 1100 1240 1141 fatendo

152 1160 331 1212 Cyllaron
363 1172 440 1200 una
471 1166 608 1213 tenet;
641 1161 748 1201 cultu
782 1173 939 1212 quoque
957 1192 967 1213 ,
1000 1165 1169 1211 quantus
1202 1161 1240 1198 in
1273 1158 1347 1198 illis

152 1219 249 1259 Esse
280 1225 412 1271 potest
442 1218 629 1259 membris
648 1251 659 1272 ,
691 1224 735 1258 ut
766 1220 817 1259 sit
849 1231 959 1259 coma
989 1220 1145 1270 pectine
1177 1217 1295 1269 levis,

64 1286 131 1318 410
151 1277 202 1316 Ut
233 1278 348 1318 modo
380 1289 470 1317 rore
503 1279 620 1318 maris
639 1309 650 1330 ,
681 1277 796 1317 modo
830 1290 872 1317 se
903 1277 1050 1317 violave
1082 1288 1218 1316 rosave

153 1336 330 1388 Implicet
347 1368 359 1389 ,
390 1337 590 1376 interdum
622 1338 800 1377 canentia
831 1335 909 1376 lilia
941 1341 1090 1388 gestet,

153 1396 296 1446 Bisque
330 1395 391 1434 die
423 1395 541 1447 lapsis
573 1395 765 1447 Pagaseae
798 1397 944 1434 vertice
977 1394 1094 1434 silvae

153 1453 343 1493 Fontibus
376 1465 444 1492 ora
475 1453 604 1506 lavet,
636 1453 696 1493 bis
727 1453 888 1493 flumine
921 1465 1086 1505 corpora
1118 1454 1291 1503 tinguat,

153 1512 234 1552 Nec
264 1514 341 1552 nisi
373 1524 471 1564 quae
504 1512 695 1565 deceant,
728 1512 1020 1563 electarumque
1053 1512 1226 1550 ferarum

66 1580 132 1610 415
153 1572 231 1611 Aut
261 1583 398 1611 umero
431 1577 498 1612 aut
528 1570 641 1610 lateri
671 1570 903 1623 praetendat
933 1570 1076 1610 vellera
1106 1570 1237 1609 laevo.

155 1631 230 1680 Par
262 1642 371 1670 amor
403 1637 464 1670 est
494 1629 600 1670 illis:
632 1635 766 1669 errant
798 1630 837 1668 in
870 1628 1070 1668 montibus
1102 1640 1203 1680 una,

156 1691 277 1728 Antra
308 1689 424 1729 simul
455 1689 652 1728 subeunt.
694 1693 734 1727 et
765 1693 849 1726 tum
880 1685 1081 1738 Lapitheia
1113 1691 1215 1726 tecta

156 1748 352 1787 intrarant
383 1749 530 1799 pariter
548 1778 559 1799 ‚
590 1747 739 1798 pariter
771 1746 853 1784 fera
885 1745 984 1785 bella
1016 1744 1226 1797 gerebant.

156 1808 303 1847 Auctor
334 1808 374 1846 in
407 1808 557 1846 incerto
591 1810 679 1858 est,
710 1804 880 1844 iaculum
913 1804 960 1843 de
992 1809 1102 1855 parte
1135 1803 1291 1842 sinistra

70 1875 136 1905 420
156 1865 300 1918 Venit,
332 1870 371 1904 et
401 1865 566 1904 inferius
585 1895 597 1916 ‚
629 1874 745 1915 quam
778 1861 875 1902 collo
908 1868 1068 1913 pectora
1101 1861 1292 1912 subsunt,

158 1923 306 1976 Cyllare
325 1956 337 1977 ,
369 1930 406 1962 te
439 1923 548 1962 fixit.
582 1934 701 1974 parvo
734 1933 802 1960 cor
834 1920 995 1960 vulnere
1027 1921 1175 1960 laesum

158 1982 332 2035 Corpore
364 1994 454 2022 cum
487 1987 568 2021 toto
599 1986 690 2033 post
719 1979 796 2019 tela
828 1978 968 2019 educta
999 1980 1174 2018 refrixit.

159 2041 343 2080 Protinus
374 2039 589 2092 Hylonome
623 2041 836 2078 morientes
869 2039 1013 2089 excipit
1044 2044 1175 2091 artuS,

158 2100 410 2151 Inpositaque
441 2110 558 2138 manu
591 2097 731 2137 vulnus
763 2098 895 2150 fovet,
927 2108 1073 2148 oraque
1106 2096 1153 2135 ad
1179 2109 1246 2135 ora

73 2166 138 2198 425
159 2157 349 2197 Admovet
378 2163 494 2208 atque
527 2158 677 2196 animae
709 2156 874 2207 fugienti
905 2153 1097 2195 obsistere
1129 2161 1315 2207 temptat.

159 2217 212 2257 Ut
240 2216 346 2256 videt
376 2217 593 2255 extinctum
611 2246 623 2267 ,
654 2215 792 2267 dictis,
825 2226 923 2266 quae
956 2214 1102 2254 clamor
1134 2214 1180 2253 ad
1213 2225 1327 2253 aures

159 2276 296 2315 Arcuit
326 2276 384 2313 ire
416 2286 551 2327 meas,
582 2273 659 2313 telo
678 2305 689 2326 ,
722 2272 825 2324 quod
857 2272 1079 2313 inhaeserat
1109 2272 1186 2325 illi,

160 2333 344 2374 Incubui-t
360 2365 372 2385 ,
409 2333 661 2384 moriensque
700 2344 814 2372 suum
853 2331 1053 2385 complexa
1084 2333 1266 2370 maritum
1299 2337 1376 2370 est.
