1527 2580
582 119 614 154 11
632 145 642 163 ‚
668 123 851 154 579—652
865 147 872 154 .
1018 132 1195 154 ocrnnnoss
1339 119 1392 160 39

178 228 270 268 Odit
301 241 468 280 cumque
501 240 617 267 manu
652 231 857 268 temeraria
890 229 963 268 tela
983 260 994 281 ‚
1026 231 1207 279 sagittas:

178 287 472 339 Collapsamque
506 288 610 326 fovet
641 299 805 338 seraque
839 300 911 339 ope
938 289 1092 326 vincere
1126 288 1201 326 sata

181 345 328 385 Nititur
360 352 400 384 et
430 345 599 384 medicas
632 352 789 385 exercet
820 347 987 385 inaniter
1019 352 1145 384 artes.

176 404 283 450 Quae
315 410 521 456 postquam
553 405 698 443 frustra
730 410 944 456 temptata,
976 416 1191 455 rogumque
1225 405 1352 455 parari

88 471 156 502 6⁵20
177 462 309 501 Sensit
340 469 378 502 et
403 475 562 502 arsuros
594 464 788 514 supremis
820 463 975 514 ignibus
1007 470 1138 514 artus,

178 520 297 571 [Tum
329 533 420 560 vero
452 523 620 572 gemitus
639 553 649 572 ‚
682 534 809 572 neque
842 524 945 560 enim
972 522 1151 560 caelestia
1184 523 1307 572 tingui

177 578 253 618 Ora
285 579 376 618 hcet
406 579 575 619 lacrimis
594 612 605 632 ‚
636 580 712 618 alto
745 580 792 618 de
825 580 941 618 corde
974 582 1118 631 petitos

175 637 337 677 Edidit:
368 637 470 677 haud
503 638 644 690 aliter,
677 651 791 689 quam
825 651 912 677 cum
946 644 1146 690 spectante
1178 640 1340 677 iuvenca

175 695 372 735 Lactentis
403 697 513 736 vituli
545 697 679 736 dextra
711 697 874 736 libratus
906 697 952 735 ab
985 709 1078 736 aure

91 762 160 793 625
180 754 374 806 Tempora
406 755 592 794 discussit
623 756 726 794 claro
759 768 849 794 cava
881 755 1041 795 malleus
1074 757 1177 795 ictu.

175 812 226 852 Ut
256 820 386 852 tamen
418 816 591 864 ingratos
622 816 661 852 in
694 821 852 865 pectora
885 815 984 853 fudit
1016 814 1156 852 odores

174 871 225 910 Et
255 871 362 911 dedit
393 872 593 924 amplexus
625 874 846 924 iniustaque
879 875 980 912 iusta
1012 874 1164 923 peregit
1177 871 1206 924 ,]

175 929 261 968 Non
293 930 382 969 tulit
412 932 452 969 in
485 932 638 970 cineres
669 931 745 970 labi
776 943 845 970 sua
877 930 1059 969 Phoebus
1091 931 1249 969 eosdem

176 988 362 1041 Semina,
395 989 462 1027 sed
495 995 629 1028 natum
661 990 825 1028 flammis
858 995 1050 1040 uteroque
1082 990 1255 1040 parentis

85 1055 156 1085 630
175 1045 330 1098 Eripuit
361 1049 584 1098 geminique
617 1047 707 1087 tulit
739 1047 919 1086 Chironis
950 1049 990 1086 in
1023 1054 1201 1086 antrum.

176 1104 486 1157 Sperantemque
520 1105 593 1145 sibi
625 1118 703 1145 non
736 1106 851 1145 salsae
883 1107 1055 1158 praemia
1085 1106 1239 1157 linguae

175 1163 281 1203 Inter
313 1175 402 1203 aves
433 1164 538 1203 albas
570 1166 693 1203 vetuit
724 1166 940 1203 consistere
972 1176 1156 1203 corvum.

235 1221 402 1261 Semifer
433 1224 583 1262 interea
616 1223 766 1262 divinae
799 1225 932 1274 stirpis
964 1222 1120 1262 alumno
1290 1231 1378 1258 axx

174 1279 318 1320 Laetus
349 1287 434 1320 erat
464 1283 663 1332 mixtoque
696 1283 806 1320 oneri
837 1280 1030 1332 gaudebat
1060 1281 1232 1320 honore.

85 1347 155 1378 635
175 1338 277 1378 Ecce
310 1341 417 1378 venit
447 1340 577 1378 rutilis
609 1352 767 1379 umeros
798 1346 974 1391 protecta
1007 1339 1155 1390 capillis

175 1397 271 1436 Filia
303 1397 518 1450 Centauri,
550 1410 666 1450 quam
699 1398 894 1450 quondam
926 1398 1093 1450 nympha
1125 1396 1302 1436 Chariclo

175 1456 364 1495 Fluminis
396 1458 437 1495 in
468 1457 593 1508 rapidi
625 1459 720 1508 ripis
754 1459 865 1495 enixa
896 1458 1046 1495 vocavit

176 1514 384 1566 Ocyrhoen
403 1545 412 1554 .
450 1527 528 1554 non
554 1515 650 1554 haec
682 1521 786 1554 artes
819 1520 1001 1554 contenta
1033 1520 1215 1566 paternas

177 1572 394 1612 Edidicisse
427 1574 529 1613 suit:
568 1575 738 1613 satorum
769 1586 909 1613 arcana
942 1573 1126 1612 canebat.

86 1640 156 1671 640
175 1631 279 1683 Ergo
306 1631 375 1671 ubi
406 1634 594 1672 vaticinos
626 1634 807 1684 concepit
838 1638 968 1671 mente
1000 1633 1179 1683 furores,

176 1690 421 1741 Incaluitque
453 1691 526 1730 deo
545 1723 556 1744 ‚
588 1703 705 1742 quem
737 1691 913 1730 clausum
943 1696 1105 1742 pectore
1137 1689 1326 1741 habebat,

175 1750 324 1800 Aspicit
354 1750 543 1788 infantem
575 1747 676 1789 ‘toti'
710 1762 786 1801 que
818 1747 1009 1788 ‘salutifer
1041 1747 1127 1786 orbi

177 1807 318 1846 Cresco
350 1820 450 1859 puer
469 1805 494 1847 ε’
527 1808 624 1847 dixit
655 1806 740 1847 ‘tibi
771 1820 813 1847 se
845 1807 1021 1846 mortalia
1047 1818 1162 1858 saepe

177 1865 350 1918 Corpora
381 1866 609 1906 debebunt:
641 1869 788 1906 animas
819 1865 888 1905 tibi
921 1865 1086 1904 reddere
1118 1865 1315 1916 ademptas

87 1932 156 1963 645
176 1924 249 1964 Fas
282 1926 386 1964 erit:
417 1925 534 1976 idque
566 1925 687 1964 semel
719 1925 777 1964 dis
809 1923 1101 1975 indignantibus
1133 1935 1275 1975 ausus,

175 1983 295 2022 Posse
328 1983 420 2022 dare
451 1984 526 2022 hoc
555 1986 700 2023 iterum
731 1983 882 2022 ssamma
914 1982 1175 2034 prohibebere
1207 1984 1330 2035 avita,

177 2041 286 2093 Eque
318 2042 391 2080 deo
424 2054 568 2094 corpus
599 2044 669 2082 fies
701 2054 927 2094 exsangue,
958 2041 1158 2093 deusque,
1275 2050 1307 2075 t.
1326 2049 1393 2075 κκὶ-

178 2100 252 2145 Qui
285 2100 399 2139 modo
432 2113 575 2152 corpus
607 2113 724 2153 eras,
756 2107 795 2139 et
825 2100 885 2139 bis
916 2105 983 2139 tua
1015 2100 1090 2138 fata
1117 2099 1298 2138 novabis.

177 2158 236 2198 'l'u
269 2170 425 2210 quoque
443 2191 455 2211 ,
487 2171 576 2198 care
607 2165 718 2211 pater
737 2191 747 2211 ‚
780 2171 884 2197 nunc
916 2157 1133 2197 inmortalis
1165 2165 1206 2197 et
1237 2160 1338 2197 aevis

87 2225 157 2257 650
177 2216 368 2256 Omnibus
400 2224 444 2256 ut
474 2230 630 2256 maneas
650 2250 660 2269 ‚
692 2217 877 2256 nascendi
907 2217 993 2268 lege
1025 2222 1205 2269 creatus,

176 2275 297 2315 Posse
328 2278 429 2315 mori
461 2278 596 2327 cupies
627 2282 711 2315 tum
729 2307 741 2329 ‚
773 2288 863 2315 cum
895 2275 1124 2315 cruciabere
1157 2275 1261 2313 dirae

177 2334 373 2387 Sanguine
405 2337 601 2387 serpentis
632 2347 703 2387 per
736 2336 866 2374 saucia
898 2334 1071 2373 membra
1104 2340 1287 2384 recepto:
