1527 2580
615 124 681 160 XV
696 152 706 170 ,
730 127 914 160 373-446
929 151 938 160 .
1037 135 1262 159 rxrmoonas
1368 123 1451 164 317

143 245 211 277 410
230 236 349 276 Passa
369 247 516 275 marem
537 241 616 287 est,
637 247 742 274 nunc
763 247 848 274 esse
871 245 1018 273 marem
1038 234 1227 273 miremur
1247 232 1452 284 hyaenam.

230 295 272 335 ld
306 306 461 346 quoque
481 326 492 346 ,
524 293 627 344 quod
660 294 785 332 ventis
819 293 959 332 animal
992 294 1166 331 nutritur
1198 298 1238 331 et
1268 303 1385 344 aura,

230 354 415 393 Protinus
447 351 675 404 assimulat,
707 353 835 403 tetigit
866 363 1135 402 quoscumque
1169 350 1343 389 colores.

231 411 339 451 Victa
370 411 601 451 racemifero
634 410 764 462 lyncas
797 410 903 450 dedit
934 409 1042 448 India
1073 408 1249 462 Baccho3

231 470 261 509 E
295 469 437 522 quibus
455 502 467 523 ,
498 476 542 509 ut
573 475 819 520 memorant,
852 468 1039 520 quicquid
1070 470 1198 507 vesica
1230 468 1403 520 remisit,

144 536 211 568 415
231 528 406 568 Vertitur
437 530 477 567 in
509 527 656 580 lapides
688 533 728 567 et
758 527 936 578 congelat
967 531 1056 566 aere
1089 532 1215 566 tacto.

236 587 301 627 Sic
333 593 372 626 et
403 587 595 626 curalium
626 598 703 638 quo
735 587 906 638 primum
939 587 1101 636 contigit
1133 596 1246 624 auras

232 646 457 698 Tempore,
489 644 693 696 durescit3
725 644 851 684 mollis
885 645 958 683 suit
988 643 1108 683 herba
1140 643 1213 683 sub
1245 643 1383 682 undis.

235 703 397 743 Desinet
427 710 515 743 ante
549 703 661 755 dies,
694 710 733 742 et
764 705 802 742 in
837 703 911 741 alto
946 702 1126 741 Phoebus
1159 701 1318 741 anhelos

235 763 415 814 Aequore
442 763 595 813 tinguet
614 774 735 813 equos
754 793 766 814 ,
791 774 906 813 quam
934 773 1152 812 consequar
1178 762 1307 799 omnia
1327 759 1454 800 verbis

146 821 276 861 420111
309 822 460 873 species
494 819 678 859 translata
711 831 857 859 novas.
897 821 953 859 sic
987 821 1114 858 omnia
1147 820 1247 858 verti

234 879 470 931 Cernimus,
501 885 617 930 atque
649 878 733 918 illas
767 890 967 917 assumere
1000 877 1142 916 robora
1174 882 1334 929 gentes,

235 937 450 978 Concidere
481 937 580 976 has.
618 939 675 976 sic
707 949 844 989 magna
877 937 952 976 suit
982 948 1182 987 censuque
1214 937 1411 990 virisque,

237 996 392 1048 Perque
430 995 567 1035 decem
605 997 734 1047 potuit
772 1001 923 1034 tantum
955 994 1047 1034 dare
1081 996 1280 1045 sanguinis
1312 1006 1457 1048 annos,

237 1054 351 1095 Nunc
382 1054 541 1094 humilis
573 1060 727 1093 veteres
760 1053 1027 1093 tantummodo
1059 1052 1174 1091 Troia
1207 1054 1340 1092 ruinas

149 1121 215 1152 425
238 1113 286 1152 Et
315 1125 388 1165 pro
420 1113 563 1152 divitiis
595 1112 768 1152 tumulos
800 1111 974 1151 ostendit
1005 1123 1188 1150 avorum.

238 1170 367 1222 [Clara
399 1171 472 1210 suit
505 1170 674 1223 Sparte:
711 1182 872 1222 magnae
904 1171 1066 1221 viguere
1097 1169 1303 1221 Mycenae:

237 1230 318 1269 Nec
349 1241 429 1269 non
461 1235 500 1269 et
532 1228 747 1282 Cecropis,
779 1241 852 1268 nec
884 1241 961 1268 non
993 1228 1221 1279 Amphionis
1253 1239 1386 1268 arces.

236 1287 320 1328 Vile
352 1287 478 1327 solum
512 1287 650 1340 Sparte
683 1293 772 1340 est,
804 1287 902 1326 altae
935 1287 1112 1326 cecidere
1143 1286 1352 1338 Mycenae:

238 1346 542 1399 Oedipodioniae
576 1346 667 1398 quid
701 1351 822 1398 sunt,
854 1347 930 1385 nisi
961 1345 1090 1384 sabula
1107 1376 1119 1397 ,
1151 1343 1342 1385 Thebae?

151 1413 217 1446 430
238 1405 339 1452 Quid
371 1404 606 1444 Pandioniae
640 1410 817 1457 restant,
848 1405 925 1443 nisi
956 1415 1098 1443 nomen
1117 1435 1128 1456 ,
1160 1403 1332 1443 Athenae
1347 1402 1386 1455 ?]

237 1464 351 1503 Nunc
377 1475 532 1515 quoque
553 1462 784 1502 Dardaniam
810 1463 909 1501 fama
935 1467 996 1501 est
1015 1474 1254 1513 consurgere
1276 1463 1459 1515 Romam,

237 1523 580 1574 Appenninigenae
614 1533 712 1573 quae
743 1522 920 1573 proxima
950 1519 1159 1572 Thybridis
1191 1520 1306 1561 undis

238 1580 337 1620 mole
369 1579 443 1620 sub
474 1581 624 1632 ingenti
655 1592 791 1619 rerum
823 1579 1048 1619 fundamina
1079 1581 1210 1630 ponit.

239 1639 344 1678 llaec
375 1639 495 1690 igitur
526 1639 691 1677 formam
723 1637 936 1677 crescendo
968 1643 1121 1689 mutat,
1154 1642 1193 1676 et
1223 1635 1315 1676 olim

153 1706 220 1737 435
242 1697 413 1736 inmensi
445 1703 563 1748 caput
593 1696 700 1735 orbis
733 1697 835 1735 erit.
874 1696 932 1735 sic
963 1695 1094 1734 dicere
1127 1701 1233 1735 vates

240 1756 512 1806 Faticinasque
544 1756 675 1794 ferunt
707 1760 864 1794 sortes:
896 1759 1163 1805 quantumque
1195 1753 1402 1805 recordor,

241 1814 398 1853 Dixerat
428 1814 581 1852 Aeneae
600 1845 611 1866 ,
642 1825 732 1852 cum
763 1824 827 1852 res
858 1812 1026 1851 Troiana
1057 1811 1229 1864 labaret,

241 1871 457 1912 Priamides
489 1871 661 1911 Helenus
693 1871 802 1910 ilenti
834 1870 1031 1922 dubioque
1063 1870 1222 1910 salutis:

242 1928 370 1970 “Nate
403 1930 503 1983 dea,
536 1932 568 1970 si
600 1935 692 1969 nota
723 1931 816 1969 satis
848 1930 1049 1981 praesagia
1081 1935 1238 1968 nostrae

155 1997 223 2030 440
242 1989 383 2028 Mentis
414 1988 534 2028 habes
552 2020 564 2041 ,
596 2000 674 2027 non
706 1994 786 2028 tota
819 1987 932 2027 cadet
962 1994 1000 2027 te
1034 1989 1181 2039 sospite
1212 1986 1350 2027 Troia.

242 2047 412 2086 Flamma
444 2046 515 2086 tibi
546 2048 775 2099 ferrumque
808 2045 955 2086 dabunt
986 2047 1090 2085 iter:
1122 2045 1226 2099 ibis,
1257 2053 1297 2086 et
1327 2057 1404 2086 una

242 2106 430 2157 Pergama
460 2111 571 2157 rapta
602 2106 705 2145 seres
724 2137 735 2158 ,
767 2105 891 2144 donec
921 2104 1140 2156 Troiaeque
1171 2104 1322 2156 tibique

242 2163 459 2203 Externum
490 2165 615 2215 patria
646 2165 846 2215 contingat
876 2164 1038 2202 amicius
1070 2175 1228 2203 arvum.

243 2221 389 2262 Urbem
420 2223 537 2261 etiam
570 2234 688 2261 cerno
720 2221 909 2274 Phrygios
941 2220 1086 2261 debere
1118 2228 1304 2275 nepotes,

157 2288 222 2320 445
245 2280 396 2326 Quanta
428 2292 501 2319 nec
532 2287 592 2319 est
623 2292 695 2320 nec
727 2282 802 2320 erit
833 2293 905 2320 nec
937 2282 1016 2320 visa
1046 2280 1245 2332 prioribus
1276 2281 1409 2320 annis.

244 2339 353 2378 llanc
385 2338 449 2378 alii
480 2351 666 2391 proceres
698 2351 769 2391 per
801 2338 954 2379 saecula
985 2339 1099 2391 longa
1130 2345 1351 2391 potentem,
