1527 2580
546 139 646 182 XIII,
685 143 793 176 670-
803 142 869 175 742
883 166 892 175 .
1018 159 1152 182 sermm
1308 141 1395 184 275

169 249 289 289 Ferre
322 249 387 289 diu
422 250 611 300 nequiere
644 248 773 289 lovem
792 281 803 302 ‚
835 256 1072 301 centumque
1101 252 1253 292 relictis

170 307 341 348 Urbibus
372 308 566 347 Ausonios
599 314 735 360 optant
766 311 994 360 contingere
1027 314 1188 360 portus.

171 366 302 406 Saevit
333 366 460 405 hiems
480 398 491 418 ‚
522 368 718 418 iactatque
751 369 885 420 viros3
918 367 1259 419 Strophadumque

1213 433 1395 479 receptos

83 491 149 523 “110
171 483 369 524 Portubus
401 484 531 523 infidis
565 486 758 524 exterruit
789 484 867 524 ales
899 485 1029 525 Aello.

169 542 221 582 Et
250 545 327 582 iam
361 542 558 582 Dulichios
589 548 729 595 portus
760 542 1010 595 Ithacamque
1043 543 1267 596 Samonque

168 600 417 652 Neritiasque
448 601 588 641 domus
606 633 618 654 ,
648 613 815 653 regnum
846 603 990 642 fallacis
1023 602 1168 656 Ulixis,

169 659 334 699 Praeter
365 665 479 699 erant
509 661 639 699 vecti:
672 666 860 699 certatam
892 661 959 700 lite
991 661 1155 700 deorum

169 717 412 758 Ambraciam
425 749 436 770 ,
456 720 638 770 versique
653 719 784 758 vident
798 719 871 758 sub
886 721 1052 771 imagiiie
1068 732 1203 759 saxum
1217 728 1244 754 r.
1258 728 1396 754 clxxxii·

83 783 148 815 715
171 776 345 830 Iudicis,
375 777 533 816 Actiaco
567 789 664 828 quae
698 790 802 816 nunc
834 778 879 816 ab
912 778 1089 830 Apolline
1120 785 1210 817 nota
1244 784 1326 831 est,

172 835 432 887 vocalemque
465 848 533 875 sua
568 842 712 874 terram
744 836 944 875 Dodonida
977 849 1150 889 quercu,

169 893 441 945 Chaoniosque
473 895 583 933 sinus
602 925 613 946 ,
645 894 712 933 ubi
744 897 825 933 nati
856 907 948 946 rege
980 895 1147 934 Molosso
1198 904 1231 930 t.
1251 903 1397 930 clxxxiii-

170 952 284 991 Irrita
317 952 506 992 subiectis
537 953 674 1004 sugere
706 953 886 992 incendia
917 955 1079 1005 pennis.

229 1011 409 1050 Proxima
439 1011 659 1050 Phaeacum
690 1011 870 1051 felicibus
903 1012 1028 1051 obsita
1058 1013 1184 1064 pomis

83 1077 149 1109 720
171 1069 276 1108 Rura
308 1075 477 1122 petunt.
515 1069 656 1121 Epiros
688 1069 736 1109 ab
767 1070 858 1122 his,
890 1076 1129 1122 regnataque
1162 1072 1237 1110 vati

172 1128 386 1168 Buthrotos
418 1127 586 1180 Phrygio
617 1128 876 1180 simulataque
908 1129 1025 1168 Troia
1056 1134 1237 1168 tenetur.

171 1186 263 1226 Inde
296 1187 521 1226 futurorum
553 1188 682 1240 certi,
714 1199 812 1238 quae
845 1193 987 1227 cuncta
1017 1187 1122 1227 fideli

170 1245 386 1284 Priamides
417 1244 591 1284 Helenus
622 1247 774 1285 monitu
805 1246 1083 1299 praedixerat,
1115 1247 1263 1285 intrant

171 1303 365 1343 Sicaniam
385 1335 394 1343 .
433 1303 561 1343 tribus
593 1303 690 1343 haec
721 1305 897 1343 excurrit
928 1306 969 1343 in
1000 1316 1170 1355 aequora
1201 1306 1356 1357 pinnis,

84 1370 150 1402 725
171 1361 202 1401 E
236 1362 380 1414 quibus
411 1361 636 1402 imbriferos
668 1368 730 1402 est
759 1374 871 1402 versa
902 1362 1106 1414 Pachynos
1139 1363 1185 1402 ad
1218 1369 1395 1415 austr0s3

169 1420 351 1461 Mollibus
382 1423 604 1473 expositum
635 1420 814 1473 zephyris
846 1420 1085 1473 Lilybaeon3
1118 1427 1157 1461 at
1186 1421 1326 1461 Arctos

169 1480 363 1532 Aequoris
393 1486 576 1532 expertes
608 1485 758 1532 spectat
789 1479 1027 1531 boreamque
1057 1479 1243 1520 Peloros.

169 1538 251 1578 Hac
282 1537 454 1579 subeunt
485 1538 658 1591 Teucri,
690 1544 730 1578 et
760 1540 880 1578 remis
911 1544 1103 1590 aestuque
1135 1538 1308 1578 secundo

172 1596 253 1637 Sub
285 1603 442 1637 noctem
473 1598 624 1649 potitur
655 1596 842 1637 Zanclaea
873 1597 1008 1637 classis
1039 1597 1207 1637 harena.

83 1663 150 1696 730
171 1655 297 1707 Scylla
328 1655 429 1696 latus
461 1656 643 1695 dextrum
662 1688 673 1708 ‚
703 1656 856 1695 laevum
887 1657 1109 1707 inrequieta
1141 1655 1355 1707 Charybdis

173 1714 391 1754 Infestant.
430 1721 541 1753 vorat
571 1714 668 1753 haec
699 1720 830 1766 raptas
862 1716 1104 1765 revomitque
1138 1715 1314 1767 carinas,

171 1772 238 1812 llla
270 1773 364 1812 seris
396 1778 520 1812 atram
552 1772 714 1812 canibus
747 1774 990 1824 succingitur
1022 1773 1173 1825 alvum,

171 1831 343 1883 Virginis
374 1844 442 1871 ora
474 1843 646 1885 gerens,
678 1838 746 1883 et,
777 1833 811 1870 si
842 1843 920 1870 non
952 1832 1081 1870 omnia
1113 1838 1220 1870 vates

171 1889 279 1930 Ficta
310 1890 588 1942 reliquerunt,
619 1890 749 1942 aliquo
782 1902 940 1941 quoque
972 1896 1150 1942 tempore
1182 1891 1312 1941 virgo.

85 1957 151 1989 735
171 1948 280 1988 Hanc
312 1949 425 1989 multi
455 1950 606 2001 petiere
638 1950 778 2001 proci:
810 1948 953 2000 quibus
985 1949 1047 1987 illa
1080 1948 1250 2000 repulsis

171 2008 228 2046 Ad
260 2007 386 2060 pelagi
417 2008 635 2060 nymphas,
667 2007 793 2059 pelagi
825 2009 1044 2059 gratissima
1075 2007 1281 2060 nymphis,

172 2065 284 2118 Ibat,
316 2072 356 2105 et
387 2066 517 2105 elusos
549 2068 734 2106 iuvenum
767 2065 950 2105 narrabat
980 2078 1155 2106 amores.

173 2124 245 2165 Cui
277 2124 370 2164 dum
402 2124 618 2176 pectendos
649 2124 813 2177 praebet
844 2124 1000 2164 Galatea
1031 2124 1215 2178 capiIIOS‚

172 2182 332 2222 Talibus
363 2183 576 2235 alloquitur
594 2215 605 2236 ‚
636 2189 821 2235 repetens
854 2185 1051 2236 suspiria,
1083 2184 1221 2223 dictis:

86 2249 154 2282 740
175 2239 246 2281 'Te
275 2248 407 2282 'tamen
427 2273 438 2294 ‚
470 2254 492 2280 ο
523 2243 632 2294 virgo
652 2274 662 2294 ‚
694 2254 818 2294 genus
850 2242 952 2282 haud
984 2243 1120 2282 inmite
1152 2244 1325 2282 virorum

172 2300 361 2353 Expetit3
393 2306 514 2352 utque
549 2301 642 2339 sacis
660 2332 671 2353 ‚
704 2306 815 2352 potes
847 2300 906 2340 his
938 2303 1085 2353 inpune
1119 2313 1284 2352 negare.

172 2359 220 2398 At
254 2359 376 2412 mihi,
409 2361 472 2399 cui
503 2365 613 2411 pater
646 2366 706 2399 est
736 2358 918 2415 Nereus,
951 2372 1064 2412 quam
1098 2359 1253 2399 caerula
1285 2359 1398 2398 Doris

1046 2426 1115 2461 18*
