1554 2506
105 94 187 136 154
324 105 507 128 nunnus
652 89 867 126 METAMM
881 117 889 125 .

221 204 328 250 Quae
355 209 510 243 torvum
543 202 648 252 ligno
681 200 836 251 decepit
868 199 1043 239 adultera
1075 205 1254 252 taurum,

220 263 527 312 Discordemque
562 265 674 298 utero
708 260 830 297 fetum
863 259 979 298 tulit.
1021 258 1162 309 ecquid
1195 258 1242 297 ad
1268 269 1383 297 aures

219 321 459 360 Perveniunt
490 330 575 357 mea
607 318 709 356 dicta
740 324 826 357 tuas
846 314 867 356 ἱ)
899 330 947 356 an
978 318 1107 355 inania
1139 318 1244 355 venti

135 388 199 419 135
221 380 345 418 Verba
377 379 510 417 serunt
528 408 538 429 ,
571 377 753 428 idemque
785 382 901 428 tuas,
933 377 1084 426 ingrate
1103 407 1113 427 ,
1146 373 1332 414 carinas?

219 439 271 477 lai
330 439 405 476 iam
437 435 655 487 Pasiphaen
687 447 765 474 non
798 441 858 474 est
889 434 1066 473 mirabile
1100 440 1255 473 taurum

219 450 498 548 PrZeposuisse
531 493 632 533 tibi:
663 500 706 533 tu
737 494 826 545 plus
858 494 1024 532 feritatis
1057 492 1248 532 habebas.

219 555 279 594 Me
311 551 523 593 miseram!
556 565 769 604 properare
803 554 935 604 iuvat,
968 551 1195 602 divulsaque
1229 552 1347 589 remi-s

220 613 328 652 Unda
361 618 474 651 sonat
493 643 502 652 .
540 623 695 650 mecum
728 611 843 650 simul
875 610 924 650 a!
957 623 1041 649 mea
1074 617 1179 649 terra
1211 610 1383 649 recedit.

136 681 199 711 140
220 672 280 711 Nil
312 673 423 724 agis,
456 683 478 709 o
505 671 652 710 frustra
684 672 917 709 meritorum
949 669 1068 707 oblite
1102 681 1302 708 meorum:

219 732 408 782 Insequar
439 731 604 769 invitum
623 761 633 781 ,
666 731 906 781 puppimque
939 728 1113 779 amplexa
1145 739 1350 766 recurvam

219 790 295 829 Per
327 790 427 828 freta
457 788 571 840 longa
603 787 736 827 trahar
755 785 779 827 .'
818 789 880 826 vix
912 787 1091 839 dixerat,
1122 786 1245 825 insilit
1277 785 1414 837 undis,

222 848 567 899 Consequiturque
599 853 703 886 rates
723 878 733 898 ,
767 846 935 885 faciente
967 845 1149 897 cupidine
1182 847 1308 898 vires,

221 907 512 958 Gnosiacaeque
544 906 681 945 haeret
712 917 843 944 comes
875 904 1064 944 invidiosa
1097 905 1274 943 carinae.

134 973 199 1006 145
222 966 346 1012 Quam
377 971 488 1017 pater
520 971 564 1004 ut
595 964 690 1003 vidit
710 986 765 992 -
792 976 880 1003 nam
913 965 988 1002 iam
1020 962 1215 1015 pendebat
1245 964 1286 1001 in
1306 974 1443 1014 auras,

219 1025 270 1064 Et
300 1024 415 1063 modo
448 1025 574 1063 sactus
607 1029 690 1062 erat
722 1022 836 1062 fulvis
868 1022 1077 1061 haliaeetos
1109 1022 1180 1060 alis
1200 1043 1255 1049 -
1279 1030 1309 1055 t.
1331 1030 1443 1056 cxxiii·

219 1083 331 1136 Ibat,
363 1088 408 1122 ut
438 1082 666 1122 haerentem
698 1089 827 1120 rostro
859 1081 1052 1120 laceraret
1083 1080 1259 1119 adunco.

219 1142 285 1181 llla
318 1147 425 1181 metu
456 1143 620 1193 puppim
651 1140 826 1192 dimisit,
859 1145 898 1179 et
929 1151 1021 1179 aura
1055 1139 1257 1178 cadentem

222 1201 466 1240 Sustinuisse
498 1200 593 1238 levis
612 1231 623 1252 ,
655 1211 704 1238 ne
737 1205 917 1249 tangeret
949 1210 1147 1250 aequora,
1178 1199 1259 1236 visa
1291 1204 1374 1237 est:

133 1268 199 1300 150
219 1259 356 1299 Pluma
388 1259 491 1298 fuit:
522 1258 666 1312 plumis
697 1259 737 1297 in
770 1269 879 1296 avem
911 1263 1057 1296 mutata
1089 1263 1250 1295 vocatur

221 1318 321 1358 Ciris
333 1349 344 1371 ,
365 1323 404 1357 et
423 1330 444 1356 a
463 1323 576 1357 tonso
599 1322 659 1356 est
677 1316 751 1355 hoc
772 1328 914 1355 nomen
935 1316 1073 1367 adepta
1093 1315 1254 1366 capillo.
1287 1325 1315 1350 r.
1335 1323 1438 1350 cxxiv.

278 1376 375 1416 Vota
406 1376 486 1415 Iovi
517 1376 642 1415 Minos
674 1381 879 1415 taurorum
912 1387 1077 1426 corpora
1109 1380 1268 1413 centum

221 1435 371 1488 Solvit,
403 1441 448 1474 ut
480 1446 663 1486 egressus
694 1434 844 1473 ratibus
877 1433 1060 1473 Curetida
1092 1439 1238 1472 terram

220 1494 418 1546 Contigit3
452 1499 491 1532 et
522 1493 655 1544 spoliis
688 1492 867 1531 decorata
901 1498 962 1532 est
991 1493 1098 1542 regia
1130 1492 1237 1530 fixis.

135 1561 199 1593 155
221 1553 405 1593 Creverat
437 1551 693 1603 obprobrium
725 1553 880 1602 generis
899 1582 910 1603 ,
942 1550 1179 1600 foedumque
1206 1549 1361 1601 patebat

219 1611 354 1651 Matris
386 1610 622 1650 adulterium
654 1611 821 1649 monstri
852 1611 1022 1648 novitate
1055 1609 1254 1648 biformis.

220 1670 398 1709 Destinat
429 1669 536 1709 hunc
568 1669 693 1708 Minos
726 1668 904 1708 thalamis
936 1679 1138 1707 removere
1170 1667 1385 1721 pudorem,

219 1728 502 1780 Multiplicique
534 1727 649 1766 domo
682 1729 887 1778 caecisque
919 1727 1120 1765 includere
1153 1728 1290 1766 tectis.

219 1787 410 1827 Daedalus
440 1788 597 1839 ingenio
631 1785 762 1825 fabrae
795 1785 1077 1825 celeberrimus
1108 1787 1203 1824 artis

135 1854 200 1886 160
220 1846 335 1885 Ponit
367 1858 496 1898 opus;
529 1845 739 1896 turbatque
772 1850 883 1883 notas
902 1876 913 1897 ,
945 1850 984 1883 et
1015 1844 1161 1883 lumina
1193 1844 1336 1883 ssexum

220 1904 336 1944 Ducit
365 1906 406 1944 in
438 1916 615 1943 errorem
640 1905 835 1942 variarum
867 1902 1230 1954 ambagessffirum.

220 1962 305 2002 Non
338 1975 454 2002 secus
486 1975 529 2002 ac
554 1962 726 2014 liquidus
758 1962 938 2013 Phrygiis
970 1961 1199 2000 Maeandros
1230 1962 1272 2000 in
1303 1962 1403 2000 arvis

220 2021 367 2074 Ludit,
400 2027 439 2060 et
470 2021 650 2072 ambiguo
683 2021 793 2072 lapsu
825 2020 1033 2071 refluitque
1067 2020 1255 2073 ssuitque,

221 2079 524 2131 Occurrensque
557 2079 631 2119 sibi
663 2087 847 2119 venturas
879 2080 1019 2130 aspicit
1048 2078 1195 2130 undas,

137 2147 200 2178 165
221 2138 270 2177 Et
302 2150 407 2177 nunc
440 2138 486 2177 ad
519 2139 647 2177 fontes
665 2169 677 2191 ,
710 2150 814 2177 nunc
847 2137 892 2176 ad
926 2150 1032 2176 mare
1065 2150 1202 2176 versus
1234 2144 1412 2190 apertum

221 2197 394 2236 Incertas
426 2202 585 2236 exercet
616 2209 766 2248 aquas:
797 2198 851 2236 ita
877 2195 1066 2235 Daedalus
1097 2196 1232 2247 implet

221 2255 451 2295 Innumeras
484 2267 620 2294 errore
652 2257 760 2308 vias,
792 2257 933 2306 vixque
966 2257 1048 2306 ipse
1082 2255 1227 2293 reverti

220 2314 276 2353 Ad
309 2313 428 2353 limen
459 2315 588 2365 potuit
606 2327 616 2366 3
648 2320 754 2353 tanta
786 2320 846 2353 est
877 2314 1025 2353 fallacia
1058 2315 1174 2353 tecti.
