1527 2580
561 141 610 175 111
626 168 634 184 ‚
662 144 846 176 507—580
861 168 867 175 .
1019 153 1193 176 remanes
1336 141 1387 182 61

174 250 359 302 llllusque
392 251 570 302 animos,
603 252 668 302 qui
701 250 843 289 multos
875 249 1045 301 perdidit
1076 261 1201 302 unus,

89 317 157 349 545
178 309 331 348 Sumite
364 307 587 360 serpentis!
620 321 690 360 pro
724 308 897 347 sontibus
930 307 991 347 ille
1024 308 1188 359 lacuque

177 367 358 407 lnteriit:
389 372 428 405 at
459 379 526 406 vos
559 379 628 418 pro
651 368 748 406 sama
780 369 922 406 vincite
956 366 1104 405 vestra!

177 425 244 465 llle
277 424 383 464 dedit
414 424 490 464 leto
524 426 644 464 sortes
663 457 674 477 ,
707 438 773 464 vos
804 425 935 477 pellite
968 424 1126 477 molles,

177 483 227 523 Et
257 485 426 535 patrium
460 486 625 523 retinete
658 483 778 522 decus
799 514 807 522 .
845 485 878 522 si
911 484 985 522 sata
1017 483 1198 523 vetabant

178 542 290 582 Stare
322 541 387 581 diu
421 541 574 581 Thebas
593 574 604 595 ‚
636 543 784 581 utinam
817 548 1010 581 tormenta
1041 543 1191 593 vimque

91 609 158 642 550
178 600 329 640 Moenia
360 600 594 653 diruerent,
626 601 853 651 ferrumque
886 602 1063 652 ignisque
1096 599 1303 640 sonarent!

177 658 364 698 Essemus
396 660 529 698 miseri
562 661 645 698 sine
679 661 872 710 crimine;
904 671 1068 709 sorsque
1102 659 1321 711 querenda,

177 716 264 757 Non
296 717 454 756 celanda
488 718 588 757 soret
607 749 617 769 ,
649 717 908 768 lacrimaeque
941 717 1090 769 pudore
1122 723 1320 757 carerent.

177 777 227 815 At
257 787 362 816 nunc
394 788 414 814 a
446 788 569 827 puero
602 775 756 814 Thebae
790 777 993 827 capientur
1024 777 1187 828 inermi,

179 834 305 880 Quem
324 846 451 885 neque
473 834 571 873 bella
591 836 746 886 iuvant,
766 846 838 873 nec
859 834 932 873 tela
945 866 956 886 ,
977 846 1048 873 nec
1068 846 1163 873 usus
1184 846 1374 885 equorum
1389 868 1398 876 .

94 900 159 933 555
182 892 258 932 Sed
292 892 435 932 madidi
466 905 599 932 murra
632 894 760 932 crines
793 892 1007 943 mollesque
1040 904 1206 932 coronae

179 951 439 1002 Purpuraque
473 958 512 990 et
542 953 658 1002 pictis
691 953 883 990 intextum
916 950 1089 990 vestibus
1120 962 1281 990 aurum.

179 1009 304 1056 Quem
324 1009 482 1060 quidem
502 1021 573 1061 ego
594 1015 768 1049 actutum
781 1040 792 1061 ,
818 1008 932 1047 modo
952 1021 1020 1047 vos
1040 1008 1215 1048 absistite
1230 1040 1240 1060 ‚
1266 1021 1398 1060 cogam

178 1068 510 1119 Assumptumque
540 1074 693 1120 patrem
724 1073 1021 1118 commentaque
1053 1079 1162 1106 sacra
1195 1067 1329 1106 lateri.

178 1127 236 1166 An
269 1127 362 1166 satis
394 1126 544 1165 Acrisio
577 1132 637 1165 est
667 1127 814 1178 animi,
846 1131 1099 1165 contemnere
1131 1137 1271 1165 vanum

91 1193 160 1225 560
179 1184 332 1224 Numen
365 1190 405 1224 et
434 1184 632 1235 Argolicas
664 1185 835 1223 venienti
866 1183 1048 1222 claudere
1080 1189 1237 1236 portas,

179 1243 352 1282 Penthea
384 1243 550 1282 terrebit
582 1255 671 1282 cum
703 1244 796 1282 totis
828 1242 973 1282 advena
1005 1239 1184 1280 Thebis?

180 1301 237 1341 Ite
269 1302 334 1340 citi
354 1298 380 1353 ,’
408 1323 461 1328 —
483 1300 637 1340 famulis
669 1300 743 1341 hoc
767 1302 934 1352 imperat
966 1322 1020 1327 -
1054 1297 1122 1338 ‘ite
1142 1331 1152 1350 ,
1183 1299 1400 1351 ducemque

180 1359 372 1399 Attrahite
404 1359 481 1399 huc
513 1358 715 1398 vinctum!
746 1361 863 1398 iussis
897 1370 1004 1397 mora
1036 1359 1166 1409 segnis
1198 1358 1332 1398 abesto
1347 1355 1371 1397 .'

180 1417 293 1458 Hunc
313 1429 407 1457 avus
425 1449 436 1470 ,
468 1417 573 1457 hunc
592 1417 774 1457 Athamas
792 1448 803 1470 ‚
830 1417 936 1455 hunc
956 1422 1086 1456 cetera
1106 1415 1220 1455 turba
1240 1428 1400 1456 suorum

94 1484 162 1516 565
182 1476 410 1528 Corripiunt
441 1475 556 1515 dictis
588 1476 814 1527 frustraque
845 1474 1023 1514 inhibere
1056 1474 1254 1514 laborant.

180 1536 319 1574 Acrior
351 1534 551 1574 admonitu
584 1540 673 1586 est,
704 1535 961 1584 irritaturque
994 1538 1144 1572 retenta

181 1593 232 1632 Et
262 1594 407 1633 crescit
436 1592 565 1632 rabies
583 1625 595 1645 ‚
626 1594 964 1643 remoraminaque
996 1593 1078 1643 ipsa
1110 1590 1324 1630 nocebant.

184 1651 249 1691 Sic
281 1663 352 1703 ego
384 1657 602 1691 torrentem
634 1663 710 1703 qua
740 1650 795 1690 nil
826 1649 1004 1689 obstabat
1036 1651 1168 1702 eunti,

182 1709 327 1749 Lenius
360 1716 400 1749 et
431 1710 583 1749 modico
617 1710 785 1761 strepitu
818 1708 1030 1748 decurrere
1063 1707 1163 1746 vidi:

95 1776 163 1808 570
183 1769 231 1807 At
262 1779 508 1819 quacumque
541 1767 670 1807 trabes
703 1768 983 1818 obstructaque
1014 1778 1105 1805 saxa
1136 1765 1344 1818 tenebant,

184 1826 379 1878 Spumeus
410 1833 451 1866 et
482 1827 637 1865 fervens
669 1832 709 1866 et
738 1826 785 1865 ab
819 1825 929 1864 obice
962 1826 1112 1863 saevior
1144 1823 1245 1862 ibat.

182 1884 284 1924 Ecce
317 1886 511 1924 cruentati
543 1884 711 1924 redeunt
742 1890 809 1936 et,
841 1883 1017 1922 Bacchus
1048 1882 1115 1921 ubi
1147 1888 1274 1934 esset,

183 1943 396 1988 Quaerenti
427 1943 584 1982 domino
616 1942 812 1982 Bacchum
845 1942 986 1980 vidisse
1019 1945 1233 1991 negarunt,

184 1998 327 2041 ‘Hunc'
360 2001 494 2041 dixere
515 1999 659 2040 ‘tamen
692 2002 874 2040 comitem
907 1999 1171 2050 famulumque
1203 2009 1404 2037 sacrorum

96 2065 163 2098 ⁶75
184 2057 383 2110 Cepimus'
415 2066 456 2099 et
486 2060 647 2099 tradunt
678 2058 857 2098 manibus
889 2063 979 2109 post
1009 2063 1117 2108 terga
1149 2057 1296 2108 ligatis.

185 2115 322 2166 [Sacra
354 2115 417 2154 dei
449 2117 643 2166 quendam
676 2117 876 2167 Tyrrhena
908 2121 1023 2167 gente
1056 2113 1267 2164 secutum]

242 2174 390 2225 Aspicit
421 2172 525 2212 hunc
546 2173 745 2212 Pentheus
776 2171 900 2211 oculis
919 2204 930 2225 ‚
962 2183 1060 2223 quos
1092 2173 1149 2210 ira
1181 2170 1405 2210 tremendos

184 2231 375 2284 Fecerat;
407 2238 446 2270 et
477 2243 711 2282 quamquam
743 2243 891 2282 poenae
923 2231 984 2269 vix
1017 2236 1192 2282 tempora
1224 2230 1376 2282 differt,

186 2287 233 2329 Ὅ
265 2292 442 2342 periture
474 2295 618 2341 tuaque
651 2289 734 2328 aliis
766 2289 999 2328 documenta
1030 2288 1167 2328 dature

98 2355 166 2388 580
185 2347 310 2387 Morte
329 2345 355 2399 ‚’
387 2349 441 2387 ait
471 2345 558 2387 ‘ede
590 2353 702 2387 tuum
733 2359 875 2386 nomen
908 2358 1128 2398 nomenque
1160 2351 1366 2397 parentum
