1538 2496
84 148 166 190 278
328 163 475 188 crezors
637 149 851 185 METAMM
867 176 874 184 .

200 261 328 301 Mollia
359 262 466 312 fraga
497 261 603 312 leges
621 292 632 312 ‚
665 261 749 312 ipsa
781 259 1018 299 autumnalia
1050 272 1169 300 corna

201 320 411 371 Prunaque
431 352 442 371 ‚
474 331 552 358 non
585 318 712 357 solum
743 319 856 370 nigro
888 318 1045 358 liventia
1077 331 1196 373 suco,

201 377 347 418 Verum
378 379 495 417 etiam
526 389 716 429 generosa
747 389 946 428 novasque
977 379 1168 417 imitantia
1199 390 1332 418 ceras.

201 436 282 476 Nec
314 436 385 476 tibi
418 442 622 475 castaneae
653 448 716 475 me
748 437 915 486 coniuge
934 468 945 489 ‚
977 448 1050 475 nec
1082 436 1154 476 tibi
1185 436 1351 477 deerunt

115 504 182 536 820
202 495 365 535 Arbutei
397 496 500 534 fetus
520 526 529 534 .
568 496 695 534 omnis
727 494 798 534 tibi
830 495 975 534 serviet
1006 494 1145 534 arbor.

200 554 284 593 Hoc
315 566 437 605 pecus
469 565 585 593 omne
617 565 749 592 meum
781 560 869 593 est.
909 553 1055 593 multae
1087 566 1244 606 quoque

1075 612 1239 652 vallibus
1272 619 1405 652 errant

201 671 340 711 Multas
373 672 466 710 silva
499 673 624 725 tegit,
656 671 799 711 multae
833 670 1080 711 stabulantur
1111 673 1152 710 in
1184 673 1330 711 antris.

201 730 282 769 Nec
301 762 312 783 ‚
343 732 377 770 si
407 732 508 769 l'orte
541 742 656 781 roges
675 761 686 782 ‚
716 731 866 782 possim
896 729 968 770 tibi
1006 730 1138 769 dicere
1156 761 1168 782 ‚
1200 737 1296 782 quot
1327 732 1427 771 sint.

200 788 391 841 Pauperis
423 796 484 828 est
514 801 722 828 numerare
754 801 905 840 pecus.
938 788 986 827 de
1018 787 1199 828 laudibus
1231 789 1371 828 harum

113 854 180 886 825
201 847 263 886 Nil
294 847 390 886 mihi
421 847 667 887 credideris:
697 860 885 899 praesens
917 854 1029 899 potes
1060 849 1145 899 ipsa
1176 846 1332 901 videre,

200 906 252 946 Ut
282 908 345 946 vix
376 908 620 946 circumeant
650 907 865 946 distentum
897 906 1081 945 cruribus
1112 905 1234 946 uber.

202 965 331 1018 Sunt,
362 966 492 1005 fetura
521 967 679 1018 minor,
710 966 852 1017 tepidis
889 966 929 1004 in
961 965 1127 1004 ovilibus
1159 967 1270 1018 agni;

202 1023 304 1063 Sunt
335 1036 491 1075 quoque
510 1056 521 1077 ,
552 1036 622 1076 par
654 1030 759 1063 aetas
777 1055 789 1076 ,
821 1024 905 1062 aliis
936 1025 977 1062 in
1009 1023 1174 1063 ovilibus
1205 1023 1342 1064 haedi.

201 1081 278 1121 Lac
310 1082 405 1123 mihi
437 1095 594 1134 semper
625 1082 736 1122 adest
767 1084 953 1122 niveum.
990 1094 1082 1133 pars
1113 1082 1204 1122 inde
1237 1082 1405 1123 bibenda

113 1148 181 1181 830
203 1141 390 1180 Servatur
409 1173 419 1193 ,
450 1148 603 1192 partem
634 1141 843 1192 liquefacta
875 1140 1037 1192 coagula
1067 1141 1233 1181 durant.

200 1199 281 1239 Nec
312 1199 384 1239 tibi
415 1199 576 1238 deliciae
612 1200 745 1238 faciles
777 1199 1009 1251 vulgataque
1039 1205 1193 1239 tantum

198 1259 362 1298 Munera
395 1260 654 1311 contingent,
686 1258 861 1297 dammae
893 1258 1127 1310 leporesque
1160 1270 1380 1314 caperque,

198 1317 322 1357 Parve
355 1317 654 1370 columbarum,
686 1317 916 1368 demptusve
948 1319 1150 1356 cacumine
1182 1317 1322 1358 nidus:

199 1375 334 1416 Inveni
365 1378 571 1429 geminos,
603 1377 671 1427 qui
702 1382 834 1415 tecum
865 1375 1002 1415 ludere
1033 1377 1210 1429 possint,

111 1440 179 1473 835
200 1435 308 1474 Inter
339 1447 380 1473 se
413 1435 559 1473 similes
579 1467 589 1486 ‚
621 1436 682 1472 vix
713 1441 759 1473 ut
790 1434 1021 1485 dignoscere
1052 1436 1204 1487 possis,

199 1493 363 1532 Villosae
398 1493 546 1532 catulos
576 1495 617 1531 in
650 1494 813 1531 summis
844 1492 1043 1531 montibus
1075 1505 1215 1533 ursae:

200 1552 335 1591 Inveni
366 1558 406 1591 et
437 1552 516 1590 dixi
549 1548 775 1590 ‘³‘d0minae
808 1551 1050 1590 servabimus
1081 1554 1178 1590 istos
1193 1547 1251 1591 .'''

200 1611 280 1650 Iam
311 1610 426 1649 modo
460 1610 639 1649 caeruleo
672 1610 840 1649 nitidum
872 1616 989 1662 caput
1020 1611 1145 1649 exime
1176 1616 1321 1664 ponto,

200 1670 280 1708 Iam
299 1701 310 1722 ,
342 1669 498 1708 Galatea
516 1701 527 1722 ‚
558 1670 677 1722 veni,
708 1681 782 1708 nec
814 1681 977 1708 munera
1009 1669 1167 1720 despice
1199 1675 1356 1709 nostra.

111 1735 180 1767 840
201 1728 317 1768 Certe
349 1740 420 1779 ego
453 1740 516 1766 me
548 1729 667 1780 novi,
699 1727 947 1778 liquidaeque
978 1729 1019 1766 in
1044 1729 1213 1778 imagine
1243 1728 1323 1767 vidi

199 1787 334 1839 Nuper
366 1798 518 1838 aquae3
549 1786 774 1837 placuitque
806 1786 903 1825 mihi
933 1787 1174 1851 mea3Qrma
1204 1786 1374 1827 videnti.

201 1847 340 1897 Aspice
359 1877 370 1898 ,
402 1847 476 1884 sim
509 1851 707 1896 quantus.
745 1857 825 1884 non
856 1850 918 1884 est
947 1845 1022 1884 hoc
1054 1857 1220 1896 corpore
1251 1847 1375 1884 maior

201 1904 377 1956 Iuppiter
408 1906 450 1943 in
482 1904 617 1943 caelo.
655 1916 744 1943 nam
776 1916 844 1943 vos
876 1915 1037 1943 narrare
1070 1903 1203 1942 soletis

200 1962 340 2001 Nescio
374 1975 491 2013 quem
522 1975 687 2014 regnare
720 1962 851 2002 Iovem
869 1993 878 2002 .
917 1974 1027 2001 coma
1058 1962 1226 2013 plurima
1257 1967 1389 2001 torvos

112 2027 179 2059 845
202 2021 403 2060 Prominet
421 2023 462 2061 in
483 2021 613 2060 vultus
632 2053 643 2073 ‚
669 2033 908 2072 umerosque
924 2053 935 2074 ‚
962 2027 1007 2060 ut
1025 2021 1138 2060 lucus
1158 2053 1170 2074 ‚
1196 2020 1403 2060 obumbra!¹
1417 2051 1426 2060 .

200 2079 281 2118 Nec
313 2092 399 2118 mea
431 2081 534 2131 quod
567 2080 703 2131 rigidis
734 2080 898 2119 horrent
929 2080 1160 2119 densissima
1192 2081 1310 2119 saetis

202 2137 403 2190 Corpora,
434 2144 551 2190 turpe
582 2145 677 2190 puta
696 2170 705 2178 .
743 2140 871 2190 turpis
904 2140 988 2178 sine
1019 2138 1226 2178 frondibus
1259 2139 1398 2178 arbor:

113 2204 181 2235 848
201 2196 346 2246 Turpis
380 2208 504 2246 equus
523 2229 534 2248 ,
560 2199 636 2236 nisi
668 2197 766 2236 colla
796 2197 912 2237 iubae
944 2198 1125 2237 flaventia
1156 2197 1308 2237 velent.

111 2262 180 2294 850
201 2254 325 2292 Barba
357 2256 461 2293 viros
493 2255 697 2307 hirtaeque
730 2256 872 2295 decent
902 2258 943 2295 in
975 2267 1143 2307 corpore
1174 2261 1328 2296 saetae.

202 2312 329 2351 Unum
364 2319 422 2351 est
453 2314 494 2351 in
526 2314 652 2352 media
684 2315 816 2353 lumen
849 2315 944 2353 mihi
977 2315 1106 2353 fronte
1126 2345 1137 2367 ,
1169 2314 1238 2353 sed
1269 2316 1394 2355 instar

200 2371 374 2422 lugentis
407 2371 550 2424 clipei.
589 2373 681 2423 quid
701 2371 722 2412 ⁶?
754 2385 833 2412 non
864 2373 960 2413 haec
993 2375 1122 2413 omnia
1153 2384 1292 2426 magno

1417 645 1426 666 2
