1554 2506
91 105 144 146 70
284 116 365 138 rm.
393 114 516 136 'misna
640 96 854 132 METAMM
867 122 876 131 .

120 223 184 254 135
205 213 410 253 Pallidiora
443 221 582 261 gerens
614 207 818 246 exhorruit
848 207 1030 256 aequoris
1061 207 1209 256 instar,

207 271 319 318 Quod
353 271 511 319 tremit,
544 268 681 317 exigua
713 276 803 304 cum
835 276 1033 303 summum
1070 264 1278 313 stringitur
1308 274 1425 304 aura.
1455 259 1458 262 ’

208 331 283 369 Sed
316 336 521 380 postquam
553 330 747 363 remorata
779 334 870 361 suos
903 323 1085 373 cognovit
1115 333 1292 373 amores,

205 389 381 428 Percutit
412 386 591 434 indignos
623 383 726 421 claro
753 382 937 433 plangore
969 380 1161 432 lacertos,

206 446 255 485 Et
300 447 425 484 aniata
458 454 587 481 comas
620 441 872 492 amplexaque
904 451 1048 490 corpus
1080 445 1251 477 amatum

121 516 186 545 1⁴0
206 505 262 543 Vu
282 516 374 542 nera
405 501 599 552 supplevit
628 499 798 539 lacrimis
830 498 1044 548 fletumque
1076 498 1210 536 cruori

207 564 391 612 Miscuit,
424 567 463 598 et
488 558 625 610 gelidis
657 560 696 597 in
729 556 901 596 vultibus
934 555 1066 595 oscula
1098 556 1220 606 figens

206 616 444 671 “Pjrzime,⁵
478 615 698 656 clamavit
704 618 791 667 quis
823 622 861 654 te
895 615 989 653 mihi
1022 627 1136 653 casus
1170 611 1349 652 ademit?

205 677 654 730 Pyrame,1esp0nde:
687 683 752 713 tua
784 681 821 713 te
855 675 1055 713 carissima
1086 672 1232 711 Thisbe

205 738 414 777 Nominat.
452 735 621 786 exaudi
652 734 860 783 vultusque
893 732 1025 770 attolle
1057 732 1252 770 iacentes
1244 727 1286 758 μ’

120 806 183 836 145
206 796 260 835 Ad
293 807 436 834 nomen
467 793 633 832 Thisbes
665 791 800 831 oculos
831 793 908 830 iam
940 797 1065 829 morte
1097 796 1274 841 gravatos

206 856 393 908 Pyramus
425 854 578 904 erexit,
610 853 769 902 visaque
800 849 1022 889 recondidit
1052 848 1137 888 illa.

206 914 312 959 Quae
344 918 552 964 postquam
583 916 810 960 vestemque
843 921 954 947 suam
986 908 1194 959 cognovit,
1225 912 1264 946 et
1296 918 1390 945 ense

205 972 308 1010 Vidit
339 971 437 1010 ebui
462 981 657 1020 vacuum,
690 966 788 1007 “tua
820 974 857 1006 te
889 963 1044 1006 manus’
1076 967 1207 1017 inquit
1227 962 1428 1017 amorque

205 1030 408 1081 Perdidit,
440 1029 575 1067 infelix
594 1059 602 1067 .
642 1033 702 1066 est
733 1034 772 1065 et
803 1026 899 1064 mihi
930 1026 1042 1064 fortis
1073 1026 1115 1063 in
1146 1036 1270 1063 unum

120 1099 184 1129 150
207 1090 288 1128 Hoc
320 1101 458 1126 manus
475 1120 486 1140 ,
518 1093 579 1126 est
610 1093 649 1124 et
674 1098 782 1124 amor
801 1099 810 1124 ε
842 1084 949 1123 dabit
978 1084 1042 1122 hic
1062 1085 1102 1121 in
1121 1082 1284 1122 vulnera
1302 1084 1427 1121 vires.

204 1150 425 1198 Persequar
457 1148 673 1184 extinctum
691 1176 702 1197 ,
733 1144 880 1194 letique
912 1143 1132 1181 miserrima
1163 1141 1272 1180 dicar

206 1208 329 1246 Causa
361 1217 570 1256 comesque
603 1205 688 1243 tui.
729 1204 874 1254 quique
907 1214 927 1240 a
959 1213 1020 1240 me
1053 1206 1179 1239 morte
1204 1199 1339 1239 revelli

205 1266 290 1304 Heu
323 1265 404 1303 sola
434 1270 591 1315 poteras
609 1294 621 1315 ,
652 1263 800 1313 poteris
832 1273 905 1299 nec
936 1266 1064 1299 morte
1094 1258 1252 1298 revelli.

207 1325 288 1362 Hoc
320 1330 450 1362 tamen
482 1321 687 1360 amborum
717 1319 847 1359 verbis
880 1324 1006 1358 estote
1037 1319 1187 1370 rogati,

121 1391 186 1423 155
207 1383 238 1421 Ο
272 1382 438 1420 multum
470 1382 633 1431 miseri,
665 1391 775 1418 meus
801 1379 984 1429 illiusque
1015 1383 1223 1429 parentes,

207 1441 258 1480 Ut
288 1453 386 1492 quos
419 1446 550 1478 certus
583 1451 691 1477 amor
710 1470 720 1489 ,
752 1450 850 1488 quos
883 1437 979 1475 hora
1010 1437 1219 1474 novissima
1250 1436 1401 1487 iunxit,

207 1499 397 1550 Componi
429 1497 578 1537 tumulo
612 1509 689 1535 non
721 1496 926 1534 invideatis
958 1495 1118 1533 eodem.
1251 1502 1282 1528 f.
1303 1502 1428 1528 xxxvii.

207 1560 256 1597 At
287 1565 358 1609 tu,
391 1569 489 1608 quae
521 1558 640 1594 ramis
672 1555 788 1593 arbor
819 1553 1040 1593 miserabile
1073 1565 1218 1604 corpus

207 1617 320 1656 Nunc
352 1618 451 1666 tegis
483 1616 630 1667 unius,
662 1626 751 1652 mox
784 1625 826 1652 es
858 1619 1011 1652 tectura
1042 1611 1236 1664 duorum,

122 1685 188 1715 160
209 1676 327 1726 Signa
358 1680 448 1713 tene
481 1673 610 1712 caedis
629 1705 639 1725 ‚
670 1672 877 1723 pullosque
911 1677 950 1710 et
979 1670 1152 1709 luctibus
1183 1676 1294 1737 aptos

209 1734 372 1784 Semper
404 1732 503 1771 habe
536 1733 663 1783 fetus,
695 1732 838 1782 gemini
871 1735 1126 1768 monumenta
1157 1725 1350 1768 cruoris?

208 1793 339 1842 Dixit,
371 1797 410 1830 et
441 1797 570 1842 aptato
601 1797 740 1842 pectus
772 1801 960 1828 mucrone
992 1788 1066 1827 sub
1097 1789 1220 1827 imum

208 1850 391 1889 Incubuit
421 1850 526 1889 ferro
545 1882 557 1902 ,
589 1849 692 1900 quod
725 1848 851 1887 adhuc
883 1860 904 1886 a
936 1847 1053 1886 caede
1084 1846 1263 1898 tepebat.

209 1909 304 1948 Vota
336 1916 465 1947 tamen
498 1910 662 1959 tetigere
695 1907 819 1959 deos,
849 1908 1017 1957 tetigere
1031 1905 1254 1957 ‘parentes

125 1976 189 2007 165
209 1967 305 2006 Nam
338 1969 445 2005 color
475 1969 515 2005 in
548 1979 663 2018 pomo
695 1972 784 2017 est,
815 1965 882 2004 ubi
913 1965 1205 2017 permaturuit,
1243 1969 1349 2003 ater.

211 2026 401 2076 Quodque
433 2028 538 2076 iogis
569 2031 779 2077 superest,
812 2037 888 2063 una
920 2024 1134 2074 requiescit
1163 2023 1204 2061 in
1236 2017 1373 2061 urna?

269 2084 345 2122 De
341 2086 470 2123 ierat:
480 2056 750 2135 ”mediumque
770 2083 845 2122 suit
863 2083 981 2121 breve
1001 2087 1180 2134 tempuS,
1206 2086 1247 2120 et
1264 2092 1353 2119 orsa
1373 2086 1430 2120 est

211 2143 350 2181 Dicere
381 2142 588 2182 Leuconoe
608 2174 616 2181 .
654 2154 789 2181 vocem
820 2148 984 2181 tenuere
1016 2152 1197 2180 sorores.

212 2199 341 2240 ‘Hunc
374 2214 529 2252 quoque
548 2233 559 2252 ,
591 2201 743 2240 siderea
775 2203 841 2252 qui
873 2205 1065 2252 temperat
1090 2200 1219 2238 omnia
1249 2197 1362 2252 luce,

125 2268 193 2300 12¹0
213 2260 325 2310 Cepit
356 2271 463 2297 amor
496 2259 649 2299 Solem:
682 2259 782 2298 Solis
813 2260 1031 2298 referemus
1063 2269 1238 2296 amores.

210 2317 366 2357 Primus
398 2318 633 2357 adulterium
665 2317 826 2357 Veneris
858 2330 949 2357 cum
979 2317 1102 2357 Marte
1125 2322 1289 2370 putatur
