1527 2580
549 120 634 156 xm
648 149 657 166 ‚
684 125 843 157 92—161
861 150 867 156 .
1026 135 1146 158 ctum
1301 123 1385 166 259

166 231 244 271 Ora
275 243 401 283 son0;
433 243 559 282 neque
592 230 703 271 abest
733 232 910 272 facundis
942 234 1063 284 gratia
1095 232 1232 272 dictis.

166 287 225 329 ‘si
255 302 341 329 mea
372 302 462 330 cum
495 291 635 329 vestris
667 289 880 330 valuissent
911 296 1027 343 vota,
1059 291 1233 344 Pelasgi,

165 348 250 388 Non
283 349 384 388 soret
415 348 620 399 ambiguus
653 351 749 388 tanti
781 351 1005 388 certaminis
1036 349 1181 402 heres,

81 415 146 447 130
165 407 303 458 Tuque
337 408 414 447 tuis
446 409 594 459 armis,
626 419 696 446 nos
729 414 766 446 te
798 413 1056 460 poteremur,
1087 408 1254 448 Achille.

166 466 291 512 Quem
323 467 507 517 quoniam
539 478 617 504 non
649 478 771 517 aequa
803 466 897 505 mihi
929 466 1116 517 vobisque
1149 475 1341 519 negarunt

167 524 257 564 Fata
275 523 302 577 ,’
335 545 390 552 —
423 537 618 575 manuque
650 524 766 564 simul
799 525 917 564 veluti
947 525 1188 565 lacrimantia
1219 528 1333 566 tersit

167 582 330 622 Lumina
363 604 415 611 -—
453 580 556 634 ‘quis
588 595 727 634 magno
760 583 900 622 melius
932 584 1119 623 succedat
1149 584 1311 637 Achilli,

166 641 290 688 Quam
321 653 392 693 per
424 653 541 692 quem
573 653 736 693 magnus
768 641 908 680 Danais
939 644 1132 682 successit
1161 641 1365 683 Achilles?

83 708 144 740 135
167 699 268 740 Huic
299 699 414 739 modo
447 712 496 739 ne
528 701 682 753 prosit,
714 700 816 751 quod
837 732 847 752 ‚
881 702 937 739 uti
968 707 1056 753 est,
1088 701 1209 740 hebes
1242 714 1327 741 esse

1211 760 1388 814 videtur5

165 816 270 856 Neve
302 817 398 857 mihi
429 824 597 870 noceat,
630 817 732 869 quod
766 817 874 856 vobis
907 830 1093 871 semper,
1124 818 1283 872 Achivi,

165 875 319 916 Profuit
349 877 578 927 ingenium:
610 888 773 927 meaque
800 877 895 915 haec
921 876 1101 916 facundia
1120 909 1131 929 ‚
1163 879 1274 928 siqua
1307 884 1390 930 est,

166 934 273 980 Quae
306 947 411 974 nunc
442 947 514 986 pro
547 934 703 973 domino
722 966 733 987 ‚
764 947 836 986 pro
869 934 977 974 vobis
1009 948 1124 987 saepe
1150 935 1280 975 locuta
1306 943 1389 989 est,

166 992 313 1032 Invidia
344 998 475 1032 careat
493 1025 504 1045 ,
535 992 637 1032 bona
668 1005 742 1032 nec
774 1005 843 1032 sua
876 995 1041 1044 quisque
1073 1000 1252 1033 recuset.

80 1059 146 1091 140
165 1050 263 1090 Nam
293 1063 418 1103 genus
451 1057 490 1090 et
519 1063 685 1103 proavos
717 1057 756 1090 et
787 1064 886 1102 quae
919 1064 997 1090 non
1030 1052 1194 1091 fecimus
1226 1054 1324 1105 ipsi,

165 1109 235 1148 Vix
267 1122 312 1149 ea
342 1115 477 1149 nostra
508 1122 632 1149 voco.
671 1110 739 1148 sed
773 1112 876 1149 enim
908 1111 998 1161 quia
1029 1110 1182 1150 rettulit
1212 1112 1305 1150 Aiax

165 1167 263 1207 Esse
295 1167 395 1207 Iovis
427 1180 623 1220 pronepos
642 1199 654 1220 ,
685 1170 810 1207 nostri
843 1181 1000 1220 quoque
1026 1171 1225 1220 sanguinis
1252 1176 1388 1209 auctor

165 1226 341 1278 Iuppiter
372 1232 461 1279 est,
492 1226 733 1277 totidemque
765 1227 908 1278 gradus
941 1227 1129 1266 distamus
1162 1227 1208 1266 ab
1240 1227 1328 1267 illo.

166 1285 263 1324 Nam
296 1285 390 1324 mihi
422 1284 582 1325 Laertes
614 1291 724 1336 pater
757 1291 845 1337 est,
876 1286 1060 1325 Arcesius
1093 1285 1171 1338 illi,

82 1343 341 1396 1451uppiter
374 1343 495 1396 huic3
526 1355 654 1394 neque
685 1345 725 1383 in
757 1342 818 1382 his
850 1346 1056 1395 quisquam
1088 1345 1291 1384 damnatus

1206 1409 1245 1442 et
1276 1404 1386 1443 exul.

167 1459 238 1499 Est
269 1472 426 1512 quoque
456 1473 528 1512 per
560 1467 725 1501 matrem
758 1461 954 1513 Cyllenius
986 1461 1114 1501 addita
1140 1461 1253 1501 nobis

166 1518 295 1558 Altera
327 1518 536 1558 nobilitas.
575 1519 672 1559 deus
704 1525 765 1559 est
794 1522 835 1558 in
867 1525 1035 1571 utroque
1067 1526 1252 1571 parente.

167 1577 244 1616 Sed
275 1589 405 1628 neque
437 1583 614 1617 materno
646 1578 751 1629 quod
784 1591 871 1617 sum
902 1580 1132 1630 generosior
1163 1584 1277 1630 ortu,

166 1635 247 1674 Nec
277 1636 373 1675 mihi
404 1636 508 1687 quod
540 1642 651 1687 pater
683 1642 743 1675 est
774 1637 937 1676 fraterni
968 1638 1168 1687 sanguinis
1200 1638 1360 1689 insons,

82 1701 147 1734 150
167 1693 371 1745 Proposita
404 1706 510 1733 arma
540 1700 660 1746 peto.
699 1697 848 1733 meritis
881 1695 1087 1746 expendite
1120 1707 1300 1747 causam3

168 1751 385 1791 Dummodo
419 1752 522 1804 quod
555 1753 696 1791 fratres
728 1752 914 1792 Telamon
946 1753 1165 1804 Peleusque
1199 1754 1360 1793 fuerunt

166 1812 292 1850 Aiacis
323 1812 508 1850 meritum
539 1823 617 1850 non
649 1812 729 1863 sit,
760 1823 833 1850 nec
865 1813 1065 1862 sanguinis
1097 1811 1217 1864 ordo,

168 1869 245 1908 Sed
278 1870 431 1908 virtutis
463 1869 589 1908 honor
621 1869 755 1920 spoliis
788 1876 999 1920 quaeratur
1030 1871 1070 1909 in
1102 1871 1211 1909 istis.

166 1928 242 1966 Aut
273 1929 307 1967 si
337 1929 565 1979 proximitas
596 1929 826 1979 primusque
858 1929 1075 1979 requIritur
1106 1927 1247 1981 heres,

82 1993 146 2025 155
166 1985 238 2025 Est
267 1987 422 2037 genitor
453 1985 594 2025 Peleus
612 2018 623 2038 ‚
655 1992 716 2025 est
745 1986 920 2038 Pyrrhus
951 1986 1054 2025 filius
1085 1986 1163 2025 illi.

167 2043 263 2090 Quis
295 2043 404 2083 locus
429 2042 576 2084 Aiaci?
608 2044 787 2084 Phthiam
819 2044 914 2083 haec
942 2044 1154 2096 Scyrumve
1187 2045 1385 2085 serantur‘

165 2101 246 2141 Nec
279 2103 407 2141 minus
439 2108 499 2142 est
529 2104 604 2142 isto
635 2103 789 2142 Teucer
819 2103 1007 2154 patruelis
1038 2102 1199 2142 Achilli.

166 2159 268 2200 Num
301 2162 400 2212 petit
430 2161 494 2199 ille
527 2166 685 2213 tamen,
717 2173 812 2200 num
843 2163 875 2200 si
907 2167 1042 2214 petat,
1073 2162 1224 2200 auferat
1255 2159 1354 2201 illa?

166 2217 268 2270 Ergo
301 2231 465 2271 operum
497 2220 680 2269 quoniam
712 2219 861 2259 nudum
893 2225 1091 2259 certamen
1122 2219 1312 2272 hahetur,

83 2285 147 2316 160
167 2276 285 2316 Plura
318 2277 475 2328 quidem
508 2278 581 2316 feci
600 2309 612 2330 ,
643 2290 759 2329 quam
791 2290 889 2329 quae
922 2278 1204 2330 comprendere
1237 2278 1353 2317 dictis

166 2334 209 2374 ln
240 2342 425 2388 promptu
457 2336 553 2375 mihi
584 2337 662 2375 sit.
700 2348 833 2376 rerum
867 2342 995 2376 tamen
1028 2338 1164 2376 ordine
1197 2336 1340 2375 ducar.

1038 2402 1105 2436 17*
