1518 2501
90 96 174 134 XIV

89 203 450 255 καταεκηνοῦνταε
500 194 569 248 ἐφ’
610 194 729 236 ὕδαει
778 190 968 233 πολλοῖς.
1158 183 1238 226 131
1284 193 1430 225 RIGUA

92 271 353 306 COGNOSCIT
397 269 446 300 m
490 264 674 298 ARBORE
724 259 931 292 FORMAM.
999 248 1267 288 coniecturam
1314 244 1432 295 posui

92 324 338 376 quarundam
374 318 529 358 Heinsii
572 314 804 355 similiorem
845 322 963 361 quam
999 308 1101 357 veri,
1145 305 1311 345 vitalem
1351 315 1433 342 non

90 386 200 435 puto.
259 380 403 419 dixeris
444 377 526 416 tale
571 372 722 423 aliquid
764 369 914 420 requiri
959 366 1174 407 secundum
1209 377 1248 403 v.
1275 364 1349 414 90,
1392 364 1434 401 et

91 445 222 491 riyuos
245 441 380 486 hortos,
411 438 546 484 riyuas
575 433 698 472 ulmos
729 431 798 481 qui
829 427 1012 476 dixerint,
1042 425 1193 463 habent
1222 422 1361 472 lexiea,
1392 423 1435 460 et

91 503 176 541 visa
214 502 256 539 in
293 499 427 537 arbore
465 493 569 544 quod
599 491 640 529 M
670 489 855 540 praebet,
895 487 1072 525 ieiunum
1109 494 1154 522 ac
1192 481 1323 520 debile
1360 481 1434 530 est,

93 563 134 599 et
165 558 346 609 profecta
382 567 429 592 ea
459 565 534 592 vox
572 551 621 589 ab
662 545 1016 597 interpolatoribus
1047 542 1153 581 infra
1185 541 1282 579 676.
1332 540 1435 578 atta-

92 630 183 657 men
218 618 304 666 ipse
340 615 460 664 poeta
495 612 537 649 in
574 622 619 648 eo
656 607 866 658 participio
910 601 1140 652 usurpando
1183 599 1336 637 multus
1374 598 1437 636 est

92 689 163 716 nec
199 676 345 723 ubique
381 672 492 710 felix:
544 677 597 707 111
623 668 707 705 428
754 666 788 704 si
829 662 1038 703 emendare
1074 658 1214 699 itidem
1250 658 1437 706 temptes,

93 736 220 774 restat
260 736 396 771 tamen
431 729 570 768 11443
612 727 696 765 770
737 725 818 763 778
859 716 984 774 (780)
1022 728 1075 758 111
1101 719 1183 757 173
1226 717 1308 755 185
1349 716 1435 754 416

94 796 177 833 492
222 792 304 831 725
349 798 398 828 IV
426 789 507 826 146
550 786 632 824 316
674 785 755 823 713
801 790 831 820 V
860 782 941 819 209
987 787 1036 817 VI
1063 778 1147 816 554
1192 776 1341 814 v1186
1386 782 1438 812 IX
1512 770 1518 771 7

97 848 209 892 196(
252 849 403 900 poterit
446 844 604 885 admitti
646 845 771 882 visam
808 842 850 879 in
887 840 1022 878 arbore
1060 837 1229 884 formam
1270 845 1319 871 ex
1357 832 1440 871 LE.

188 907 275 949 260
305 908 517 954 ΝῩΜΡΗΑ,
548 910 707 941 PARUM
737 906 950 938 PATIENs.
998 895 1261 943 Nimplzarum
1283 893 1442 942 patiens

95 970 183 1008 ML.
233 966 458 1016 corruptela
494 975 573 1001 non
600 962 720 1010 longe
758 957 914 997 abludit
951 955 1000 994 ab
1031 954 1101 992 illo
1134 963 1298 1003 genere,
1335 949 1442 1001 quod

97 1029 211 1078 patet
248 1027 291 1064 in
319 1021 367 1062 M
399 1032 446 1062 IX
470 1023 551 1061 253
590 1022 758 1059 immune
795 1016 910 1056 simul
946 1014 1128 1061 nullaque
1163 1023 1235 1061 pro
1271 1011 1443 1049 immwne

99 1087 236 1135 (ne)cis
271 1085 341 1122 mcl
377 1083 575 1128 malaque,
613 1087 662 1117 XI
685 1080 735 1116 71
773 1076 918 1124 Quippe
955 1074 1047 1112 dum
1084 1072 1158 1119 dig.
1189 1081 1262 1119 pro
1295 1067 1446 1117 Quippe

96 1146 253 1194 pedum,
298 1151 347 1180 IV
374 1142 456 1179 562
491 1139 650 1178 summis
691 1135 874 1174 mineides
916 1144 988 1182 pro
1032 1130 1193 1170 summis
1228 1128 1443 1166 isme‘m‘des.

96 1215 240 1253 parum
275 1202 431 1250 patiens
473 1198 551 1235 fuit
595 1206 771 1235 amorum
814 1187 913 1245 (XIV
940 1184 1016 1241 39)
1059 1187 1295 1236 infelicium,
1339 1185 1445 1236 quod

101 1261 364 1312 supplendum
401 1270 422 1295 e
458 1269 578 1295 versu
615 1253 837 1303 superiore,
874 1249 938 1287 uti
973 1248 1097 1286 habes
1134 1254 1217 1285 XIV
1237 1246 1321 1284 716
1353 1243 1447 1283 Non
1477 1286 1485 1294 ν

102 1322 187 1359 tulit
224 1319 428 1367 impatiens
464 1316 566 1362 702292'
603 1314 789 1351 tormenta
825 1309 983 1356 doloris,
1026 1306 1091 1346 vel
1130 1303 1446 1354 intellegendum

104 1379 208 1429 quod
228 1388 458 1427 expressum
477 1381 563 1412 XIII
582 1373 679 1420 859,
708 1371 939 1416 contemptus
958 1377 1075 1405 essem
1094 1365 1304 1413 patientior
1320 1362 1448 1401 huius.

222 1433 305 1475 388
338 1440 550 1473 INCESTO.
599 1433 751 1476 incerto,
784 1428 931 1476 scripto
961 1437 984 1463 r
1006 1425 1049 1462 in
1078 1434 1232 1471 rasura,
1261 1420 1315 1459 M.
1364 1432 1446 1459 eor-

106 1508 285 1535 rexeram
325 1493 480 1543 pridem
519 1503 566 1529 ex
604 1498 667 1527 XV
688 1489 791 1526 319:
834 1484 964 1535 possit
1006 1483 1054 1521 de
1097 1481 1237 1520 eodem
1279 1479 1447 1530 cogitari

106 1565 156 1594 lx
177 1556 274 1594 630.
393 1548 478 1590 408
511 1555 751 1594 TENUIQUE
776 1550 1004 1585 mcmmrr
1030 1547 1268 1580 BRAccmA
1291 1546 1449 1577 anA.

106 1614 267 1653 includit
295 1612 338 1651 in
361 1609 569 1661 proecdosi
593 1620 614 1645 e
638 1607 680 1644 M
705 1617 768 1643 me
800 1603 956 1642 dedisse
986 1599 1225 1650 putaverim,
1257 1599 1298 1637 et
1320 1599 1452 1646 pinna

111 1674 349 1722 scripseram
380 1668 595 1708 secundum
626 1665 728 1704 Plin.
759 1663 809 1701 N.
834 1663 872 1700 h.
905 1670 937 1700 X
959 1660 1060 1698 168:
1092 1655 1453 1707 vespertilio—emi

111 1736 143 1770 ct
173 1732 484 1770 membranaceae
506 1727 655 1775 pinnae
684 1724 771 1770 uni,
802 1732 874 1760 nec
904 1717 1190 1768 intellegebam
1219 1715 1453 1766 lanuginem

111 1792 181 1829 aut
217 1788 407 1840 quidquid
437 1795 592 1836 pennae
628 1782 756 1822 simile
797 1781 920 1829 esset,
959 1777 1028 1817 sed
1064 1776 1338 1815 membranam
1367 1774 1452 1824 pin·

111 1851 205 1887 nata
240 1848 386 1897 figura,
424 1844 552 1895 qualis
583 1850 619 1882 11
647 1842 729 1880 375
762 1841 944 1879 iunctura
962 1836 1197 1909 „digitorum
1233 1836 1275 1872 et
1312 1832 1454 1882 qualis,

112 1910 221 1957 puto,
253 1904 500 1944 informanda
531 1903 594 1941 est
624 1901 822 1939 alatorum
847 1898 1062 1935 draconum
1086 1893 1249 1931 Medeae
1279 1899 1348 1930 vn
1369 1891 1453 1929 234

116 1967 200 2005 350
233 1967 334 2013 391,
379 1964 454 2002 etsi
497 1961 714 2010 scripturas
751 1969 819 1997 eas
856 1956 1013 1995 mutare
1055 1964 1135 1992 non
1177 1951 1323 2001 ausim,
1366 1961 1457 1988 cum

114 2036 261 2073 pennae
298 2024 417 2061 etiam
455 2022 535 2059 sint
571 2020 721 2069 apium:
766 2016 845 2055 nisi
886 2015 991 2053 forte
1034 2011 1166 2050 ubivis
1204 2008 1457 2049 scribendum

115 2085 235 2132 pinna
281 2095 368 2120 cuni
411 2079 579 2129 Vergilii
622 2077 764 2117 codiee.
914 2069 1001 2112 454
1046 2070 1240 2116 CUMQUE
1283 2075 1381 2108 suls
1403 2087 1454 2093 -

118 2148 390 2181 PECTEBANT
436 2144 650 2177 emmens
695 2141 893 2175 mouns.
953 2131 1086 2179 Deque
1134 2130 1217 2168 suis
1263 2127 1459 2166 librorum

117 2201 234 2240 nimis
280 2199 378 2238 mihi
427 2198 619 2236 absonum
660 2195 801 2234 visum.
864 2192 1022 2231 alternis
1069 2189 1248 2228 inmixtos
1290 2185 1461 2225 crinibus

121 2270 262 2308 anyaes
310 2257 416 2308 gerit
463 2255 630 2294 Medusa
682 2252 788 2292 infra
838 2252 935 2290 792.
1007 2246 1178 2296 πρῶτος
1226 2242 1273 2284 δέ
1324 2251 1461 2292 εφιειν

122 2314 322 2367 Αἰεχύλοε
360 2312 594 2363 δράκοντας
632 2309 827 2361 ἐποίηεεν
865 2305 972 2358 ὁμοῦ
1004 2305 1096 2346 ταῖς
1134 2302 1182 2343 ἑν
1213 2304 1264 2356 τῇ
1296 2299 1461 2352 κεφαλῇ
1517 2335 1518 2346 ³
