1554 2506
153 114 235 155 100
408 126 527 148 ammo
702 111 917 147 METAMM
930 138 938 146 .

177 232 246 264 430
267 224 363 264 Ossa
395 225 475 275 pati
506 223 629 261 ssexus
649 254 659 274 ‚
692 233 843 273 ungues
874 224 1053 273 posuisse
1086 224 1280 274 rigorem:

270 283 478 333 Primaque
511 281 557 320 de
584 286 663 320 tota
695 281 925 320 tenuissima
958 293 1136 332 quaeque
1168 281 1414 332 liquescunt,

268 340 446 380 Caerulei
478 340 608 378 crines
640 339 828 390 digitique
860 345 900 379 et
932 351 1048 379 crura
1080 340 1303 391 pedesque;

266 399 363 438 Nam
394 398 524 437 brevis
556 399 594 436 in
627 398 771 448 gelidas
806 397 990 437 membris
1022 398 1189 438 exilibus
1221 398 1344 437 undas

260 458 473 555 {ransitus
505 462 593 495 est.
637 463 726 508 post
758 456 852 495 haec
884 458 1011 496 umeri
1038 462 1251 508 tergusque
1283 456 1462 507 latusque

179 524 246 556 435
300 521 510 566 ectoraque
541 517 582 554 in
614 521 753 554 tenues
786 515 931 554 abeunt
962 515 1122 555 evanida
1155 517 1280 553 rivos.

267 574 442 625 Denique
473 585 546 625 pro
578 575 662 612 vivo
694 574 844 613 vitiatas
875 576 1064 625 sanguine
1094 586 1211 613 venas

266 632 438 684 Lympha
461 631 568 671 subit
586 665 596 684 ‚
629 637 828 683 restatque
849 632 943 671 nihil
961 665 973 685 ‚
1006 633 1108 684 quod
1128 633 1323 684 prendere
1342 633 1468 684 possis
1481 662 1489 672 .

326 691 480 730 Interea
510 691 670 742 pavidae
701 693 939 742 nequiquam
970 692 1047 730 filia
1079 692 1194 730 matri

268 749 458 788 Omnibus
490 757 550 789 est
581 751 697 789 terris
715 781 727 802 ‚
758 751 863 788 omni
896 751 1069 801 quaesita
1099 749 1316 801 profundo.

181 819 247 849 4³20
269 809 377 847 Illam
409 821 486 848 non
518 809 607 848 udis
639 810 799 847 veniens
831 809 982 847 Aurora
1014 808 1164 860 capillis

268 867 495 907 Cessantem
525 867 649 919 vidit,
682 879 759 906 non
791 866 992 918 Hesperus
1011 898 1020 906 .
1058 867 1123 906 illa
1154 866 1306 906 duabus

269 926 536 965 Flammiferas
567 927 685 977 pinus
717 925 895 964 manibus
928 925 1132 965 succendit
1163 925 1210 964 ab
1242 926 1364 964 Aetna

268 985 423 1036 Perque
453 986 662 1036 pruinosas
693 984 783 1023 tulit
815 986 1034 1035 inrequieta
1065 984 1273 1023 tenebras:

267 1043 421 1083 Rursus
452 1043 520 1082 ubi
552 1043 650 1082 alma
682 1043 764 1082 dies
790 1042 994 1081 hebetarat
1024 1043 1153 1082 sidera
1171 1075 1182 1095 ‚
1209 1050 1336 1082 natam

182 1111 249 1141 445
272 1102 372 1141 Solis
405 1101 452 1140 ab
485 1114 626 1141 occasu
659 1101 751 1140 solis
783 1101 995 1152 quaerebat
1029 1101 1075 1140 ad
1108 1108 1242 1140 ortus.

269 1161 387 1200 Fessa
419 1160 550 1199 labore
584 1161 689 1199 sitim
722 1160 933 1211 collegerat
951 1191 962 1211 ,
995 1172 1141 1210 oraque
1173 1159 1270 1198 nulli

270 1219 497 1258 Colluerant
528 1219 686 1258 fontes:
719 1231 808 1257 cum
841 1224 984 1257 tectam
1016 1219 1203 1257 stramine
1235 1218 1331 1257 vidit

269 1278 386 1317 Forte
419 1290 576 1330 casam,
607 1289 824 1328 parvasque
856 1277 962 1316 fores
993 1277 1162 1329 pulsavit
1181 1307 1189 1315 .
1227 1283 1266 1315 at
1297 1276 1388 1315 inde

270 1337 406 1376 Prodit.
437 1349 534 1375 anus
553 1368 564 1388 ‚
596 1336 801 1387 divamque
833 1335 966 1388 videt,
997 1335 1272 1387 lymphamque
1303 1337 1456 1386 roganti

182 1404 251 1435 450
271 1395 391 1434 Dulce
424 1395 558 1447 dedit,
591 1400 691 1433 tosta
724 1394 827 1445 quod
859 1399 1010 1433 texerat
1041 1400 1130 1433 ante
1161 1393 1342 1446 polenta.

270 1454 371 1493 Dum
403 1454 500 1492 bib-it
532 1453 594 1492 illa
626 1453 760 1492 datum
778 1485 789 1505 ‚
821 1453 909 1491 duri
941 1465 1041 1504 puer
1071 1454 1152 1491 oris
1183 1458 1224 1492 et
1254 1452 1378 1491 audax

271 1512 455 1552 Constitit
486 1519 574 1551 ante
607 1511 718 1550 deam
737 1543 748 1564 ,
780 1513 944 1562 risitque
964 1543 975 1564 ,
1007 1511 1234 1562 avidamque
1265 1512 1435 1550 vocavit.

273 1571 430 1610 Offensa
462 1577 550 1622 est,
584 1582 710 1620 neque
744 1569 870 1609 adhuc
905 1575 1018 1621 epota
1048 1575 1160 1621 parte
1191 1569 1418 1620 loquentem

271 1629 367 1669 Cum
400 1629 547 1680 liquido
581 1631 698 1667 mixta
730 1628 904 1679 perfudit
935 1628 1020 1667 diva
1052 1628 1230 1679 polenta.

184 1697 250 1728 455
272 1687 468 1728 Combibit
505 1699 548 1726 os
586 1687 756 1726 maculas
780 1719 791 1739 ,
831 1693 871 1726 et
909 1699 1007 1738 quae
1044 1687 1160 1726 modo
1197 1686 1380 1726 bracchia

1205 1747 1350 1797 gessit,
1385 1753 1414 1780 f.
1434 1754 1490 1779 lix.

273 1806 397 1845 Crura
428 1808 558 1857 gerit5
592 1805 712 1845 cauda
745 1811 805 1844 est
836 1807 996 1844 mutatis
1028 1804 1155 1844 addita
1187 1804 1397 1843 membris:

273 1865 394 1915 Inque
427 1864 586 1903 brevem
619 1865 782 1903 formam
801 1896 812 1916 ‚
844 1876 893 1902 ne
927 1865 977 1903 sit
1008 1865 1066 1902 vis
1097 1875 1235 1914 magna
1267 1863 1475 1914 nocendi,v

273 1923 527 1962 Contrahitur
545 1955 557 1975 ‚
588 1935 783 1974 parvaque
816 1924 944 1961 minor
976 1909 1160 1961 mffla
1191 1921 1336 1961 lacerta
1367 1928 1448 1960 est.

272 1981 478 2020 Mirantem
510 1981 747 2032 flentemque
780 1987 820 2020 et
850 1987 1011 2032 tangere
1042 1986 1219 2020 monstra
1249 1986 1451 2032 parantem

185 2048 252 2079 400
274 2040 388 2091 Fugit
420 2052 537 2078 anum
555 2072 567 2092 ‚
598 2039 864 2091 latebramque
896 2041 1022 2091 petit3
1055 2045 1267 2091 aptumque
1298 2038 1440 2090 pudori

273 2098 422 2137 Nomen
454 2098 600 2151 habet,
632 2100 750 2137 variis
782 2098 949 2138 stillatus
982 2110 1148 2149 corpora
1178 2099 1322 2149 guttis.

333 2156 438 2202 Quas
471 2157 542 2195 dea
572 2169 643 2208 per
675 2163 802 2196 terras
833 2164 873 2196 et
903 2169 999 2208 quas
1031 2158 1221 2196 erraverit
1250 2156 1399 2208 undas,

275 2215 413 2253 Dicere
446 2214 559 2266 longa
591 2227 700 2254 mora
732 2221 819 2255 est.
859 2217 1065 2267 quaerenti
1096 2215 1221 2254 defuit
1251 2214 1381 2254 orbis.

276 2273 469 2312 Sicaniam
501 2276 674 2325 repetit:
706 2274 879 2325 dumque
911 2275 1040 2313 omnia
1069 2273 1212 2313 lustrat
1242 2273 1395 2326 eundo,

187 2341 255 2372 465
276 2332 390 2371 Venit
421 2338 460 2371 et
492 2332 538 2371 ad
571 2331 726 2384 Cyanen
745 2363 754 2372 .
793 2344 838 2372 ea
869 2335 911 2372 ni
942 2337 1089 2372 mutata
1119 2333 1282 2386 fuisset,
