1527 2580
602 94 668 129 XV
688 123 697 139 ,
723 98 884 130 80—153
899 121 906 129 .
1015 105 1240 128 rr'ononAs
1354 91 1435 134 309

217 205 359 245 Natum
391 204 570 244 homines
589 236 600 257 ‚
631 204 747 256 pleno
780 216 876 255 quae
911 204 1022 242 sertis
1053 204 1094 242 in
1126 201 1248 242 ubere
1281 209 1436 253 nectar,

217 263 344 303 Mollia
377 275 475 315 quae
507 262 620 302 nobis
653 269 800 302 vestras
834 263 1019 301 velamina
1052 261 1157 301 lanas

218 321 420 362 Praebetis
439 354 451 374 ‚
484 324 638 373 vitaque
670 323 791 373 magis
825 333 939 372 quam
973 325 1098 360 morte
1130 316 1304 359 iuvatis‘?

133 389 199 419 120
220 380 322 426 Quid
353 392 535 420 meruere
567 380 685 419 boves
704 412 715 432 ,
747 380 886 419 animal
919 381 1002 418 sine
1035 377 1171 418 fraude
1204 378 1402 430 dolisque,

218 438 436 478 Innocuum
453 470 465 491 ,
497 439 660 490 simplex
680 470 691 492 ,
722 445 855 478 natum
890 438 1055 477 tolerare
1088 434 1276 476 labores?

219 497 427 536 Immemor
459 504 547 549 est,
579 497 683 536 Deus
715 509 786 536 nec
820 498 977 548 frugum
1009 507 1172 535 munere
1205 495 1368 548 dignus,

221 556 296 602 Qui
329 557 458 608 potuit
490 557 598 595 curvi
632 555 789 607 dempto
823 556 936 594 modo
968 554 1144 607 pondere
1176 556 1294 593 aratri

220 614 442 653 Ruricolam
475 620 646 653 mactare
679 626 794 654 suum
813 646 824 666 ,
856 616 923 665 qui
956 615 1047 653 trita
1078 612 1210 652 labore

137 680 198 711 125
219 672 286 712 Illa
305 704 316 724 ‚
348 672 491 724 quihus
525 674 668 712 totiens
701 673 844 712 durum
877 678 1132 711 renovaverat
1163 683 1320 721 arvum,

222 730 458 770 Condiderat
489 743 638 770 messes
657 763 669 784 ‚
699 733 897 783 percussit
928 731 1024 770 colla
1057 731 1210 769 securi.

221 789 301 828 Nec
333 791 427 828 satis
459 795 547 842 est,
580 790 683 841 quod
717 789 790 829 tale
824 790 932 829 nefas
965 790 1249 828 committitur:
1281 790 1387 840 ipsos

222 848 462 900 inscripsere
496 848 589 887 deos
621 848 791 901 sceleri,
823 860 1047 899 numenque
1080 859 1295 899 supernum

223 906 348 946 Caede
379 906 579 946 laboriferi
605 908 771 946 credunt
803 907 972 958 gaudere
1005 908 1182 946 iuvenci.

137 974 202 1005 130
223 964 385 1004 Victima
417 965 502 1004 labe
535 977 672 1004 carens
706 971 746 1004 et
775 966 1111 1017 praestantissima
1143 965 1268 1004 forma
1299 985 1353 992 —

222 1023 319 1063 Nam
349 1023 544 1076 placuisse
576 1030 693 1064 nocet
730 1045 780 1052 ——
814 1025 919 1063 vittis
950 1024 1168 1075 praesignis
1201 1029 1240 1062 et
1271 1035 1365 1062 auro

224 1081 385 1121 Sistitur
417 1088 505 1122 ante
537 1094 652 1135 aras,
684 1083 869 1134 auditque
901 1084 1036 1134 ignara
1067 1087 1317 1134 precantem,

222 1140 452 1192 imponique
484 1152 577 1180 suae
610 1141 714 1180 videt
744 1143 848 1180 inter
879 1152 1027 1180 cornua
1059 1141 1179 1179 fronti

224 1198 329 1245 Quas
361 1199 510 1252 coluit,
542 1200 676 1250 fruges
693 1231 704 1252 ,
736 1211 1002 1251 percussaque
1034 1200 1223 1249 sanguine
1255 1198 1402 1238 cultros

138 1264 203 1296 135
223 1256 351 1296 Inficit
380 1259 420 1297 in
451 1257 597 1309 liquida
623 1260 821 1310 praevisos
854 1258 1018 1297 forsitan
1050 1257 1175 1296 unda.

222 1315 409 1355 Protinus
442 1322 596 1368 ereptas
627 1318 770 1356 viventi
800 1322 962 1368 pectore
993 1315 1110 1354 fibras

223 1373 473 1427 inspiciunt,
504 1381 734 1426 mentesque
767 1374 884 1414 deum
916 1380 1143 1414 scrutantur
1174 1376 1214 1413 in
1245 1374 1344 1414 illis.

150 1453 203 1459 —-
225 1431 335 1472 Unde
368 1433 488 1472 fames
519 1433 667 1472 homini
700 1435 910 1473 vetitorum
943 1438 1047 1472 tanta
1066 1430 1087 1471 P
1118 1432 1298 1472 ciborum
1331 1440 1390 1472 est

224 1491 386 1530 Audetis
419 1493 524 1531 vesci
541 1524 553 1544 ‚
584 1503 708 1543 genus
739 1504 762 1530 o
794 1490 958 1530 mortale
977 1489 999 1530 ἱ)
1031 1491 1136 1542 quod
1155 1523 1167 1544 ‚
1199 1504 1292 1544 oro,

140 1557 206 1589 140
225 1548 282 1588 Ne
314 1550 459 1603 facite,
492 1555 531 1589 et
561 1551 720 1590 monit1s
753 1551 902 1589 animos
934 1550 1125 1589 advertite
1157 1552 1326 1590 nostris.

226 1606 403 1659 Cumque
434 1608 555 1648 boum
586 1608 726 1648 dabitis
759 1620 963 1648 caesorum
994 1608 1167 1647 membra
1199 1609 1347 1660 palato,

226 1665 410 1705 Mandere
442 1679 509 1706 vos
542 1672 694 1706 vestros
726 1668 824 1706 scite
856 1672 896 1706 et
927 1668 1070 1706 sentite
1099 1666 1281 1706 colonos.

225 1723 277 1763 Et
301 1726 485 1776 quoniam
517 1725 613 1765 deus
651 1737 719 1764 ora
750 1730 909 1777 movet,
940 1737 1082 1776 sequar
1120 1736 1189 1764 ora
1226 1732 1445 1765 moventem

226 1782 313 1822 Rite
345 1782 491 1837 deum,
523 1783 770 1835 Delphosque
803 1795 911 1823 meos
942 1785 1151 1835 ipsumque
1176 1783 1374 1824 recludam

141 1850 207 1881 145
227 1841 397 1881 Aethera
428 1848 468 1881 et
500 1848 687 1894 augustae
719 1842 904 1882 reserabo
937 1842 1092 1881 oracula
1123 1844 1288 1882 mentis.

225 1899 392 1953 Magna,
422 1912 496 1940 nec
526 1903 693 1953 ingeniis
725 1903 933 1953 evestigata
963 1902 1165 1954 priorum,

227 1957 413 2010 Quaeque
445 1959 511 1999 diu
542 1959 722 2013 latuere,
754 1971 888 2000 canam
908 1990 917 1999 .
955 1961 1060 1999 iuvat
1090 1961 1148 1998 ire
1178 1972 1251 2012 per
1282 1960 1356 2000 alta

225 2016 369 2070 Astra3
400 2018 506 2057 iuvat
536 2021 654 2058 terris
686 2025 725 2058 et
755 2020 873 2058 inerti
905 2018 996 2056 sede
1029 2018 1164 2057 relicta

226 2074 338 2134 Nube
371 2075 487 2130 vehi,
518 2077 711 2128 validique
746 2079 890 2116 umeris
923 2077 1106 2116 insistere
1138 2077 1327 2131 Atlantis,

141 2142 208 2174 150
227 2133 486 2186 palantesque
511 2134 688 2174 homines
719 2137 865 2187 passim
897 2147 941 2174 ac
972 2136 1134 2174 rationis
1167 2143 1326 2188 egentes

226 2191 463 2244 Despectare
501 2193 668 2246 procul,
700 2194 954 2245 trepidosque
992 2193 1221 2246 obitumque
1261 2198 1441 2236 timentes

228 2250 293 2290 Sic
324 2251 552 2304 exhortari,
583 2254 805 2303 serlemque
839 2252 1015 2291 evolvere
1047 2252 1138 2293 fati.

227 2307 260 2348 Ο
292 2321 417 2361 genus
449 2312 657 2350 attonitum
688 2311 836 2363 gelidae
867 2311 1075 2351 formidine
1107 2313 1267 2353 mortisl
