1527 2580
586 89 672 125 xm
687 119 695 133 ,
722 93 906 126 889-959
922 118 930 126 .
1051 101 1205 125 succus
1326 87 1409 130 281

100 208 168 241 924
189 200 290 240 Sunt
321 200 434 240 viridi
465 207 576 252 prato
610 201 777 240 confinia
810 200 952 249 litora,
985 211 1153 251 quorum

118 280 173 288 —
193 259 323 298 Altera
355 271 446 311 pars
478 259 621 312 undis,
653 271 743 310 pars
777 259 897 298 altera
929 258 1107 297 funditur
1138 256 1293 310 herbis,

188 317 292 364 Quas
324 330 451 368 neque
485 319 711 368 cornigerae
744 329 878 357 morsu
910 317 1058 356 laesere
1090 318 1300 367 iuvencae,

187 375 268 416 Nec
299 375 471 428 placidae
504 378 705 427 carpsistis
737 388 828 415 oves
859 376 1032 415 hirtaeve
1065 374 1256 427 capellae.

187 434 273 474 Non
306 436 389 486 apis
420 434 510 473 inde
538 435 626 474 tulit
658 434 843 473 collectos
876 435 1018 474 semine
1051 433 1192 486 ssores,

188 492 274 532 Non
306 492 394 532 data
426 500 518 532 sunt
549 495 666 545 capiti
698 493 862 545 genialia
902 499 1035 545 serta,
1067 505 1195 543 neque
1229 502 1413 543 umquam

100 551 168 592 930
187 551 400 591 Falciserae
431 563 594 591 secuere
627 564 794 591 manus.
834 564 904 603 ego
937 553 1088 603 primus
1120 553 1160 590 in
1192 550 1256 589 illo

189 610 368 662 Caespite
401 610 590 662 consedi,
623 610 715 650 dum
748 610 825 649 lina
857 610 1053 649 madentia
1084 611 1214 662 sicco,

187 668 317 720 thue
349 681 600 708 recenserem
619 701 630 722 ‚
664 671 835 721 captivos
868 669 1004 708 ordine
1036 669 1165 720 pisces

189 727 355 779 Insuper
387 729 579 779 exposui,
612 740 709 779 quos
742 734 808 767 aut
839 729 879 766 in
910 729 1010 766 retia
1042 739 1156 766 casus

188 787 267 825 Aut
297 798 367 826 sua
400 785 610 826 credulitas
642 788 682 825 in
715 786 887 825 aduncos
921 792 1055 837 egerat
1085 785 1243 824 hamos.

100 852 168 885 935
187 844 266 884 Res
298 844 435 884 similis
467 845 609 885 fictae:
641 844 709 884 sed
743 844 836 896 quid
869 845 964 883 mihi
995 845 1143 896 fingere
1174 840 1370 895 prodest?

189 903 373 943 Gramine
405 909 584 943 contacto
617 905 746 955 coepit
777 915 862 942 mea
893 903 1038 955 praeda
1068 904 1240 955 moveri,

189 961 239 1001 Et
269 968 420 1001 mutare
453 961 583 1015 latus,
616 968 798 1013 terraque
817 994 828 1014 ‚
861 968 904 1001 ut
934 963 975 1001 in
1007 973 1207 1014 aequore,
1239 961 1333 999 niti.

188 1019 368 1072 Dumque
394 1032 526 1059 moror
552 1022 753 1071 mirorque
780 1020 897 1060 simul
914 1051 926 1073 ,
952 1021 1052 1071 sugit
1072 1020 1198 1059 omnis
1227 1021 1267 1058 in
1293 1018 1417 1058 undas

189 1078 324 1118 Turba
350 1091 440 1118 suas
458 1110 470 1131 ‚
496 1079 777 1130 dominumque
803 1090 948 1118 novum
973 1078 1145 1130 litusque
1165 1077 1417 1129 relinquunt.

97 1145 165 1178 ⁹40
185 1136 398 1190 Obstipui,
430 1136 645 1188 dubitoque
678 1138 774 1191 diu,
807 1149 1042 1188 causamque
1074 1138 1259 1189 requiro,

192 1195 296 1235 Num
327 1195 425 1235 deus
456 1195 531 1235 hoc
563 1196 733 1249 aliquis,
764 1208 859 1236 num
892 1208 1011 1235 sucus
1043 1196 1184 1235 fecerit
1212 1194 1377 1234 herbae.

192 1251 331 1300 “Quae
365 1261 494 1293 tamen
525 1251 609 1293 has'
642 1256 800 1306 inquam
833 1252 951 1294 ‘vires
983 1253 1100 1293 habet
1130 1252 1253 1292 herba
1271 1249 1324 1292 ‘?”

1223 1323 1419 1363 manuque

190 1371 338 1412 Pabula
369 1372 579 1425 decerpsi,
611 1373 875 1424 decerptaque
908 1372 1024 1412 dente
1056 1370 1272 1411 momordi.

191 1429 263 1470 Vix
294 1430 396 1470 bene
428 1430 685 1470 conbiberant
715 1433 870 1482 ignotos
902 1437 1063 1482 guttura
1094 1441 1234 1481 sucos,

103 1496 171 1530 945
192 1488 291 1529 Cum
322 1489 452 1529 subito
485 1489 683 1541 trepidare
715 1484 821 1528 intus
853 1489 1083 1541 praecordia
1114 1489 1243 1540 sensi,

191 1548 443 1599 Alteriusque
475 1550 560 1600 rapi
591 1554 753 1588 naturae
786 1554 925 1599 pectus
957 1559 1113 1587 amore.

192 1606 274 1646 Nec
304 1609 415 1659 potui
447 1613 598 1646 restare
630 1606 696 1646 diu
715 1638 726 1659 ‚
759 1603 1019 1658 “repetenda'
1053 1617 1129 1657 que
1162 1602 1391 1656 ‘numquam

193 1665 345 1718 Terra,
376 1664 458 1704 vale
479 1661 520 1704 !''
553 1664 661 1717 dixi,
693 1676 917 1716 corpusque
956 1663 1029 1703 sub
1069 1675 1239 1714 aequora
1277 1664 1419 1702 mersi.

192 1723 239 1763 Di
270 1725 389 1762 maris
422 1729 629 1775 exceptum
661 1724 767 1762 socio
799 1722 1009 1774 dignantur
1040 1722 1213 1774 honore,

104 1789 173 1822 950
193 1781 321 1834 thue
354 1782 449 1821 mihi
482 1793 752 1833 quaecumque
785 1782 908 1820 seram
939 1780 1116 1820 mortalia
1135 1812 1146 1833 ‚
1179 1780 1359 1833 demant,

194 1840 393 1880 Oceanum
425 1840 658 1892 Tethynque
690 1846 856 1891 rogant.
896 1851 966 1890 ego
1000 1839 1146 1878 lustror
1178 1838 1224 1877 ab
1256 1838 1354 1890 illis,

195 1899 245 1939 Et
275 1905 468 1952 purgante
501 1900 609 1938 nesas
642 1900 804 1938 noviens
837 1898 931 1937 mihi
963 1899 1135 1937 carmine
1169 1897 1272 1936 dicto

193 1957 358 1997 Pectora
390 1957 618 1997 fluminibus
649 1956 789 1997 iubeor
820 1968 1043 2008 supponere
1077 1962 1255 1995 centum.

194 2015 276 2055 Nec
308 2028 445 2069 mora,
477 2015 642 2055 diversis
673 2016 772 2067 lapsi
803 2016 850 2054 de
882 2014 1060 2066 partibus
1092 2026 1226 2054 amnes

107 2081 175 2114 955
194 2074 373 2126 Totaque
404 2080 612 2114 vertuntur
645 2087 764 2126 supra
796 2080 913 2126 caput
944 2085 1113 2125 aequora
1144 2079 1346 2112 nostrum.

194 2132 394 2172 Hactenus
426 2139 510 2172 acta
542 2132 613 2172 tibi
644 2144 806 2184 possum
837 2132 1088 2172 memoranda
1120 2132 1296 2172 referre:

194 2191 394 2231 Hactenus
426 2191 521 2230 haec
554 2193 740 2231 memini.
779 2203 851 2230 nec
879 2203 988 2230 mens
1015 2203 1100 2230 mea
1126 2197 1257 2231 cetera
1276 2190 1421 2229 sensit.

197 2250 304 2296 Quae
324 2256 532 2302 postquam
552 2250 669 2289 rediit
686 2281 698 2302 ‚
724 2249 841 2289 alium
861 2262 922 2289 me
943 2261 1108 2302 corpore
1127 2256 1210 2289 toto
1248 2257 1274 2282 ¹-
1288 2257 1419 2284 chxxv·

194 2309 250 2348 Ac
281 2309 433 2348 fueram
465 2320 622 2360 nuper,
653 2320 780 2360 neque
814 2308 981 2348 eundem
1014 2314 1145 2349 mente
1176 2309 1332 2359 recepi.
