1554 2506
64 98 144 139 156
318 108 441 133 xmus
613 94 828 130 METAMM
842 122 850 130 .

91 215 157 248 205
178 207 289 247 Unda
320 212 454 259 gravet
484 217 633 258 pennas
651 236 662 257 ,
694 205 727 243 si
759 203 900 243 celsior
918 236 930 257 ,
961 205 1062 255 ignis
1095 204 1254 244 adurat.

178 267 285 306 Inter
317 272 530 316 utrumque
563 263 675 302 vola.
714 274 787 302 nec
819 268 857 302 te
890 269 1069 314 spectare
1101 263 1250 302 Booten

178 326 256 364 Aut
286 324 447 363 Helicen
478 322 596 362 iubeo
628 322 888 372 strictumque
921 321 1078 361 Orionis
1111 334 1268 361 ensem:

178 383 239 422 Me
271 383 372 422 duce
403 393 519 433 carpe
551 382 651 420 viam
671 377 696 419 .'
734 382 881 432 pariter
912 386 1122 432 praecepta
1152 379 1303 420 volandi

179 441 315 481 Trad‘t
346 446 386 480 et
416 441 569 491 ignotas
600 440 748 478 umeris
780 438 1048 478 accommodat
1079 438 1180 478 alas,

92 509 160 540 210
179 500 264 539 Inte
319 511 418 550 opus
450 500 703 549 monitusque
735 509 856 548 genae
889 497 1075 537 maduere
1107 497 1275 550 seniles,

179 559 230 598 Et
260 559 410 610 patriae
442 563 643 597 tremuere
674 569 842 596 manus.
882 556 989 595 dedit
1021 556 1154 596 oscula
1185 563 1274 595 nato

178 617 266 656 Non
297 618 443 656 iterum
473 615 688 668 repetenda
719 627 791 655 suo
809 647 821 668 ,
852 617 1070 667 pennisque
1103 615 1252 655 levatus

181 677 281 715 Ante
312 675 444 728 volat,
477 676 689 725 comitique
721 676 862 726 timet,
894 674 1000 713 velut
1031 674 1110 713 ales
1129 706 1141 726 ,
1172 673 1219 713 ab
1252 673 1327 713 alto

180 734 289 780 Quae
321 740 500 773 teneram
531 733 683 785 prolem
714 732 901 785 produxit
930 734 972 772 in
1004 736 1094 771 aera
1125 732 1241 785 nid03

93 801 160 833 215
180 792 451 844 Hortaturque
478 793 620 845 sequi,
652 792 936 842 damnosasque
970 791 1100 830 erudit
1131 796 1260 842 artes,

179 851 229 891 Et
260 857 390 891 movet
419 853 504 903 ipse
537 863 628 890 suas
660 857 700 890 et
724 851 805 889 nati
835 851 998 901 respicit
1028 849 1130 889 alas.

180 910 262 950 Hos
293 910 434 962 aliquis
466 909 633 949 tremula
665 909 758 948 dum
778 912 906 959 captat
923 908 1141 948 harundine
1171 909 1324 960 pisces,

180 970 258 1009 Aut
287 974 421 1021 pastor
453 968 591 1007 baculo
624 969 768 1007 stivave
798 969 957 1006 innixus
989 972 1119 1006 arator

182 1027 286 1067 Vidit
317 1033 357 1067 et
387 1027 606 1079 obstipuit,
638 1028 784 1078 quique
815 1026 973 1065 aethera
1005 1037 1167 1078 carpere
1199 1033 1384 1078 possent,

94 1095 162 1127 220
184 1086 360 1126 Credidit
390 1099 477 1125 esse
510 1086 633 1125 deos.
679 1084 738 1135 [et
768 1086 844 1123 iam
876 1084 1040 1124 Iunonia
1070 1084 1178 1124 laeva

181 1146 299 1185 Parte
333 1145 469 1184 Samos
502 1145 630 1183 suerat
661 1143 856 1195 Delosque
888 1143 1088 1194 Parosque
1121 1142 1280 1182 relictae
1294 1142 1324 1194 ,]

182 1204 327 1244 Dextra
357 1203 576 1243 Lebinthus
609 1207 693 1242 erat
724 1201 970 1253 fecundaque
1002 1201 1116 1241 melle
1149 1201 1355 1253 Calymne,

183 1263 281 1303 Cum
311 1274 413 1314 puer
444 1262 583 1302 audaci
614 1262 746 1313 coepit
776 1261 946 1312 gaudere
979 1260 1132 1313 volatu,

183 1322 445 1372 Deseruitque
478 1321 619 1360 ducem
651 1320 826 1371 caelique
860 1319 1043 1372 cupidine
1078 1324 1225 1359 tractus

96 1388 162 1420 225
183 1381 309 1420 Altius
341 1382 422 1431 egit
451 1381 555 1419 iter.
593 1378 719 1431 rapidi
750 1380 890 1418 vicinia
922 1379 1014 1418 solis

183 1439 307 1478 Mollit
337 1438 517 1478 odoratas
536 1470 547 1491 ,
578 1450 798 1490 pennarum
828 1437 982 1477 vincula
1000 1469 1011 1490 ‚
1043 1449 1179 1476 ceras.

184 1497 409 1537 Tabuerant
440 1509 585 1549 cerae3
616 1496 744 1536 nudos
776 1498 901 1547 quatit
932 1496 996 1534 ille
1027 1496 1221 1548 lacertos,

184 1557 442 1608 Remigioque
475 1567 613 1595 carens
646 1567 725 1594 non
757 1554 854 1594 ullas
886 1555 1055 1606 percipit
1086 1566 1225 1605 auraS,

186 1615 343 1666 Oraque
375 1614 555 1654 caerulea
584 1615 757 1667 patrium
788 1613 993 1652 clamantia
1024 1625 1169 1652 nomen

97 1682 165 1714 230
184 1674 447 1726 Excipiuntur
467 1685 566 1724 aqua
585 1687 596 1713 ε
622 1683 722 1724 quae
747 1684 892 1711 nomen
911 1673 1030 1711 traxit
1048 1671 1096 1711 ab
1120 1671 1186 1711 illo
1201 1702 1210 1711 .
1253 1679 1282 1706 1.
1302 1678 1410 1706 exmi-

185 1734 234 1772 At
263 1738 376 1784 pater
406 1732 541 1771 infelix
560 1764 572 1784 ,
603 1743 677 1771 nec
708 1732 785 1770 iam
816 1737 929 1783 pater
947 1762 958 1783 ,
990 1728 1114 1770 ‘Icare
1132 1726 1159 1783 ,⁹
1192 1730 1311 1781 dixit,

187 1789 310 1830 ‘Icare
329 1788 356 1844 ‚²
388 1791 486 1830 dixit
517 1788 601 1830 ‘ubi
633 1802 675 1830 es
694 1787 716 1830 ἲ
748 1802 824 1841 qua
856 1796 894 1829 te
925 1791 1087 1841 regione
1118 1790 1318 1841 requiram
1331 1785 1367 1828 ’θ’

187 1847 326 1890 ‘Icare'
358 1849 542 1902 dicebat,
572 1861 722 1901 pennas
754 1850 905 1900 aspexit
934 1849 976 1887 in
1007 1848 1148 1899 undis,

186 1908 425 1960 Devovitque
458 1920 548 1948 suas
581 1914 716 1960 artes,
747 1919 972 1959 corpusque
1005 1905 1214 1958 se‘pfflehro

99 1975 165 2008 235
188 1967 370 2006 Condidit
389 1998 398 2007 .
437 1973 476 2007 et
508 1966 624 2006 tellus
656 1978 678 2005 a
710 1967 868 2005 nomine
900 1966 1003 2005 dicta
1034 1965 1200 2016 sepulti.

245 2025 360 2064 Hunc
391 2027 527 2065 miseri
559 2025 710 2065 tumulo
741 2030 955 2076 ponentem
987 2036 1154 2075 corpora
1185 2025 1266 2063 nati

187 2084 350 2124 Garrula
381 2084 519 2123 limoso
552 2085 757 2136 prospexit
787 2083 834 2122 ab
867 2083 965 2122 elice
996 2083 1160 2135 perdix,

187 2143 237 2183 Et
267 2143 411 2195 plausit
441 2145 581 2194 pennis
614 2148 835 2193 testataque
866 2141 1007 2194 gaudia
1039 2147 1156 2181 cantu
1188 2146 1272 2181 est:

189 2202 310 2241 Unica
341 2207 436 2241 tunc
467 2201 638 2241 volucris
656 2233 667 2253 ,
699 2213 772 2240 neo
806 2202 885 2239 visa
916 2200 1116 2252 prioribus
1148 2200 1284 2252 annis,

99 2269 167 2302 240
186 2261 380 2312 Factaque
401 2272 529 2311 nuper
554 2261 633 2298 avis
653 2273 663 2312 3
694 2259 854 2311 longum
880 2259 952 2298 tibi
969 2291 981 2311 ,
1013 2257 1177 2297 Daedale
1197 2289 1208 2310 ,
1240 2258 1412 2297 crimen.

187 2320 363 2371 Namque
395 2319 488 2358 huic
520 2318 762 2370 tradiderat,
794 2319 963 2357 fatorum
1003 2318 1168 2370 ignara,
1199 2315 1413 2356 docendam
