1527 2580
610 148 675 184 XV
690 176 698 192 ‚
725 152 909 183 447—518
925 175 932 183 .
1082 160 1210 182 menia
1353 147 1436 188 319

219 259 391 311 Coniuge
424 260 490 310 qui
523 259 611 298 felix
645 259 811 311 nympha
843 258 1086 309 ducibusque
1120 257 1297 296 Camenis

220 317 425 357 Sacrificos
456 317 590 356 docuit
621 320 720 357 ritus
739 350 749 370 ,
781 324 1015 369 gentemque
1048 317 1168 355 feroci

219 377 422 416 Assuetam
455 376 555 415 bello
587 379 694 428 pacis
727 377 897 415 traduxit
929 376 974 415 ad
1007 382 1134 414 artes.

132 443 199 475 485
220 435 295 481 Qui
327 442 532 486 postquam
571 437 703 474 senior
735 447 976 487 regnumque
1016 445 1230 484 aevumque
1262 434 1437 484 peregit,

220 493 444 533 Extinctum
479 493 686 545 Latiaeque
720 507 843 533 nurus
875 493 1120 546 populusque
1155 499 1363 544 patresque

220 552 418 591 Dessevere
451 551 614 592 Numam
635 584 644 592 .
683 565 769 592 nam
804 554 972 592 coniunx
1005 551 1103 591 urbe
1137 551 1270 589 relicta

221 611 336 650 Vallis
368 611 546 650 Aricinae
580 611 711 650 densis
743 611 838 650 latet
868 612 996 650 abdita
1028 610 1156 661 silvis,

222 669 419 720 Sacraque
452 668 637 709 Oresteae
670 672 815 721 gemitu
850 677 1073 721 questuque
1107 668 1249 707 Dianae

134 737 202 768 490
224 727 389 780 Impedit
409 759 417 767 .
449 727 498 768 a!
532 730 713 779 quotiens
740 728 930 780 nymphae
958 729 1207 778 nemorisque
1234 726 1441 777 lacusque,

221 786 278 825 Ne
311 787 486 839 faceret,
518 799 706 826 monuere
738 793 777 826 et
809 787 1046 826 consolantia
1079 785 1195 825 verba

222 844 440 884 Dixerunt!
474 848 654 896 quotiens
687 845 795 885 ssenti
825 846 1016 885 Theseius
1048 845 1164 883 heros

224 901 341 943 ‘Siste
374 902 532 943 modum
550 901 577 957 ‚³
611 905 708 943 dixit
740 902 882 956 ‘neque
916 906 1018 943 enim
1058 905 1213 942 fortuna
1246 903 1442 954 querenda

225 962 313 1001 Sola
345 968 410 1002 tua
444 970 532 1002 est.
571 962 716 1002 similes
749 963 913 1002 aliorum
945 963 1098 1014 respice
1131 973 1268 1000 casus:

136 1029 202 1061 495
224 1021 356 1060 Mitius
387 1023 461 1060 ista
494 1022 596 1060 seres
617 1053 625 1060 .
665 1024 891 1073 utinamque
925 1020 1099 1072 exempla
1126 1020 1322 1058 dolentem

223 1079 308 1119 Non
342 1092 426 1119 mea
459 1086 496 1119 te
528 1087 690 1132 possent
722 1079 924 1120 relevare!
957 1079 1025 1119 sed
1064 1085 1103 1118 et
1141 1091 1225 1117 mea
1258 1083 1443 1129 possunt.

224 1138 355 1177 Fando
388 1139 555 1190 aliquem
588 1138 839 1190 Hippolytum
872 1144 1020 1178 vestras
1058 1139 1090 1176 si
1129 1138 1293 1188 contigit
1331 1148 1444 1175 aures

225 1196 463 1236 Credulitate
496 1199 617 1249 patris
637 1229 648 1248 ‚
679 1197 890 1236 sceleratae
924 1195 1060 1236 fraude
1092 1207 1282 1235 novercae

226 1254 469 1295 Occubuisse
502 1257 589 1295 neci
622 1277 676 1284 —
709 1255 902 1295 mirabere
922 1288 933 1308 ,
966 1257 1105 1306 vixque
1138 1253 1336 1306 probabo:

138 1322 205 1354 500
227 1314 302 1354 Sed
335 1319 463 1353 tamen
496 1314 560 1353 ille
593 1326 663 1366 ego
696 1327 811 1353 sum.
851 1327 911 1353 me
945 1313 1169 1365 Pasiphaeia
1203 1313 1396 1364 quondam

228 1372 493 1425 [Temptatum
521 1373 665 1412 frustra
698 1375 866 1425 patrium
895 1379 1087 1412 temerare
1120 1371 1272 1423 cubile,

227 1431 339 1478 Quod
371 1431 521 1484 voluit,
553 1431 720 1471 voluisse
753 1431 888 1471 infelix
921 1433 1084 1470 crimine
1117 1442 1229 1469 verso
1264 1451 1318 1457 —

228 1490 414 1530 lndiciine
447 1496 554 1529 metu
587 1492 708 1542 magis
727 1522 738 1543 ‚
769 1491 967 1529 offensane
1000 1485 1212 1541 repulsae?
1243 1487 1317 1538 —]

226 1549 393 1601 Arguit3
424 1550 741 1600 immeritumque
773 1555 884 1600 pater
914 1549 1082 1600 proiecit
1113 1547 1160 1586 ab
1193 1545 1315 1598 urbe,

139 1615 206 1647 505
227 1606 445 1658 Hostilique
478 1614 595 1659 caput
625 1619 743 1659 prece
776 1608 993 1646 detestatur
1025 1607 1178 1645 euntis.

228 1665 420 1704 Pittheam
452 1666 618 1717 profugo
651 1677 771 1704 curru
803 1665 1001 1703 Troezena
1034 1663 1239 1716 petebam,

153 1724 385 1774 —lamque
419 1722 656 1763 Corinthiaci
689 1723 894 1775 carpebam
927 1724 1040 1762 litora
1074 1723 1209 1773 ponti,

229 1782 326 1822 Cum
359 1794 465 1821 mare
498 1784 697 1835 surrexit,
730 1782 989 1833 cumulusque
1022 1782 1198 1819 immanis
1232 1792 1420 1831 aquarum

229 1840 272 1880 In
305 1842 449 1880 montis
481 1843 651 1892 speciem
685 1842 838 1879 curvari
870 1846 910 1879 et
941 1851 1121 1879 crescere
1156 1841 1260 1878 visus

142 1908 210 1940 510
230 1898 279 1938 Et
310 1899 402 1938 dare
434 1901 607 1951 mugitus
639 1911 871 1950 summoque
905 1900 1105 1938 cacumine
1140 1898 1255 1936 findi.

231 1957 420 2010 Corniger
451 1958 542 1997 hinc
576 1965 712 1998 taurus
744 1959 870 2010 ruptis
903 1957 1110 2009 expellitur
1142 1956 1281 2009 undis,

156 2038 209 2045 ——-
231 2016 540 2068 Pectoribusque
574 2023 689 2056 tenus
720 2017 856 2055 molles
889 2022 1045 2055 erectus
1077 2016 1116 2053 in
1149 2027 1286 2067 auras,

231 2074 398 2114 Naribus
430 2081 470 2114 et
500 2075 632 2127 patulo
666 2080 815 2127 partem
848 2076 966 2114 maris
999 2074 1141 2113 evomit
1173 2085 1263 2112 ore.

232 2133 357 2172 Corda
383 2139 525 2185 pavent
555 2135 771 2173 comitum:
803 2133 897 2172 mihi
930 2145 1040 2172 mens
1072 2133 1251 2171 interrita
1284 2134 1449 2183 mansit,

144 2199 210 2232 515
232 2191 367 2231 Exiliis
399 2198 581 2232 contenta
613 2194 725 2232 suis:
758 2205 845 2232 cum
879 2191 974 2231 colla
1007 2192 1158 2231 seroces

231 2251 286 2290 Ad
320 2251 418 2290 freta
451 2257 714 2304 convertunt,
745 2252 988 2302 arrectisque
1019 2249 1180 2290 auribus
1212 2250 1376 2289 horrent

233 2309 546 2362 Quadrupedes,
578 2311 821 2361 monstrique
855 2315 960 2349 metu
993 2309 1231 2362 turbantur,
1264 2314 1303 2347 et
1334 2308 1420 2347 altis

232 2367 494 2420 Praecipitant
526 2380 686 2408 currum
713 2368 884 2421 scopulis
903 2399 913 2409 .
950 2380 1022 2421 ego
1055 2368 1200 2408 ducere
1234 2379 1326 2405 vana
