1527 2580
530 152 580 188 x1
597 180 606 198 ,
631 151 840 196 τες-ΧΠ,
866 156 932 187 eo.
1078 163 1170 187 rm
1316 151 1400 192 239

235 263 444 303 Permanet
474 263 607 302 Aoniis
640 262 792 302 Nereus
824 261 1017 302 violentus
1049 263 1089 301 in
1121 261 1260 313 undis,

114 330 157 361 25
179 322 362 374 Bellaque
395 334 472 361 non
505 322 721 374 transfert3
755 327 793 361 et
825 328 917 361 sunt
949 323 1016 373 qui
1047 333 1210 373 parcere
1243 320 1382 359 Troiae

177 380 403 433 Neptunum
435 380 625 434 credant,
658 382 747 431 quia
779 382 932 420 moenia
964 381 1112 420 fecerat
1143 379 1253 419 urbi.

178 440 226 479 At
257 450 335 479 non
367 439 648 479 Thestorides.
688 451 760 478 nec
793 441 897 478 enim
929 441 1100 478 nescitve
1134 444 1306 490 tacetve,

178 498 374 550 Sanguine
402 500 574 550 virgineo
606 497 832 550 placandam
864 499 1025 549 virginis
1058 499 1155 537 iram

178 556 274 596 Esse
307 557 429 596 deae.
467 563 674 609 postquam
706 559 891 608 pietatem
923 556 1078 608 publica
1105 568 1244 609 causa,

113 623 157 655 30
177 616 338 667 Rexque
370 621 521 668 patrem
552 617 673 668 vicit,
706 621 935 667 castumque
968 615 1105 655 datura
1137 627 1319 654 cruorem

178 674 381 714 Flentibus
413 681 501 714 ante
535 686 641 713 aram
672 676 781 714 stetit
812 674 1012 726 Iphigenia
1043 676 1257 726 ministris,

178 732 285 772 Victa
317 733 388 772 dea
420 739 509 786 est,
541 733 764 785 nubemque
797 733 921 772 oculis
953 733 1125 786 obiecit,
1158 738 1197 772 et
1228 734 1330 771 inter

178 791 360 832 Officium
392 792 626 843 turbamque
659 793 761 831 sacri
793 804 986 843 vocesque
1018 798 1250 844 precantum

180 850 388 902 Subposita
420 852 547 890 fertur
578 857 749 890 mutasse
781 851 982 903 Mycenida
1014 863 1150 890 cerva.
1245 859 1272 885 f·
1293 857 1400 885 clxxii·

114 917 158 948 35
179 909 282 961 Ergo
314 909 410 962 ubi,
443 922 518 961 qua
550 909 710 963 decuit,
742 909 861 949 lenita
894 915 954 949 est
985 910 1103 963 caede
1135 909 1277 961 Diana,

178 967 228 1007 Et
258 970 406 1020 pariter
437 968 614 1007 Phoebes
633 1000 644 1021 ‚
676 969 823 1020 pariter
854 969 973 1007 maris
1005 970 1063 1007 ira
1094 969 1282 1021 recessit,

180 1027 387 1079 Accipiunt
418 1033 554 1066 ventos
587 1039 608 1066 a
639 1033 750 1078 tergo
783 1027 887 1066 mille
920 1029 1099 1080 carinae,

179 1085 376 1137 Multaque
408 1098 618 1138 perpessae
650 1085 818 1138 Phrygia
849 1087 1056 1137 potiuntur
1087 1085 1254 1125 harena.

238 1143 343 1183 Orbe
374 1145 483 1184 locus
516 1144 643 1184 medio
677 1150 737 1184 est
767 1146 871 1184 inter
904 1150 1108 1196 terrasque
1142 1145 1365 1195 fretumque

114 1210 159 1242 40
180 1203 456 1254 Caelestesque
489 1203 648 1256 plagas,
680 1202 846 1254 triplicis
878 1203 1045 1242 confinia
1077 1202 1235 1242 mundi:

180 1262 289 1301 Unde
323 1262 426 1313 quod
458 1269 519 1301 est
551 1274 746 1315 usquam,
777 1263 953 1312 quamvis
985 1261 1212 1312 regionibus
1245 1263 1368 1314 absit,

180 1321 391 1372 Inspicitur
410 1353 420 1373 ,
451 1327 711 1372 penetratque
744 1332 855 1359 cavas
887 1332 959 1358 vox
992 1321 1118 1359 omnis
1150 1319 1197 1358 ad
1230 1332 1368 1359 aures.

179 1379 295 1418 Fama
326 1385 463 1432 tenet,
495 1391 725 1430 summaque
758 1379 917 1418 domum
950 1379 1023 1417 sibi
1056 1379 1150 1430 legit
1180 1380 1221 1418 in
1253 1391 1367 1430 arce,

181 1437 491 1489 lnnumerosque
524 1438 651 1478 aditus
683 1450 727 1477 ac
758 1438 863 1477 mille
896 1438 1085 1477 foramina
1116 1438 1232 1477 tectis

116 1504 160 1536 45
181 1496 366 1550 Addidit,
398 1502 438 1536 et
468 1496 584 1536 nullis
615 1496 776 1536 inclusit
806 1496 937 1535 limina
970 1498 1117 1547 portis,

180 1555 304 1595 Nocte
334 1555 476 1607 dieque
508 1561 642 1607 patet.
681 1560 762 1595 tota
794 1561 854 1594 est
885 1567 933 1594 ex
966 1567 1055 1594 aere
1088 1556 1266 1607 sonanti3

179 1614 279 1653 Tota
310 1614 470 1667 fremit,
501 1626 696 1665 vocesque
728 1614 881 1666 refert,
913 1615 1108 1664 iteratque
1142 1613 1245 1664 quod
1279 1612 1399 1652 audit.

182 1673 294 1712 Nulla
326 1675 437 1724 quies
468 1674 574 1729 intus
594 1705 605 1725 ,
637 1672 821 1723 nullaque
853 1671 1007 1711 silentia
1038 1678 1172 1723 parte.

182 1731 262 1770 Nec
294 1737 423 1770 tamen
455 1738 516 1770 est
547 1731 721 1783 clamor,
754 1730 822 1770 sed
855 1742 994 1782 parvae
1027 1742 1230 1769 murmura
1262 1732 1391 1770 vocis:

117 1798 161 1829 50
182 1790 317 1836 Qualia
348 1790 406 1829 de·
428 1790 582 1842 pelagi,
615 1791 738 1841 siquis
770 1789 908 1840 procul
940 1788 1100 1841 audiat,
1132 1789 1248 1828 undis

182 1849 278 1888 Esse
311 1848 466 1901 solent3
499 1848 701 1899 qualemve
735 1859 874 1886 sonum
893 1879 904 1899 ,
936 1859 1026 1886 cum
1058 1847 1233 1898 Iuppiter
1266 1854 1369 1887 atras

183 1908 382 1960 Increpuit
413 1907 567 1960 nubes,
600 1913 773 1946 extrema
804 1907 977 1945 tonitrua
1009 1905 1201 1945 reddunt.

182 1968 290 2006 Atria
320 1966 435 2006 turba
467 1972 596 2005 tenet:
629 1967 790 2004 veniunt
820 1965 904 2004 leve
936 1964 1075 2015 vulgus
1108 1971 1307 2018 euntque;

183 2025 378 2076 Mixtaque
411 2037 501 2064 cum
532 2025 635 2063 veris
667 2025 812 2075 passim
844 2029 1064 2062 commenta
1095 2030 1283 2074 vagantur

119 2091 162 2123 55
184 2083 287 2123 Milia·
317 2095 521 2123 rumorum
539 2116 550 2136 ‚
583 2084 824 2133 confusaque
857 2081 974 2121 verba
1006 2081 1202 2121 volutant.

184 2142 214 2181 Ε
247 2142 390 2193 quibus
421 2142 461 2181 hi
492 2154 640 2194 vacuas.
665 2141 829 2193 implent
860 2140 1108 2179 sermonibus
1140 2152 1280 2193 aures,

184 2201 232 2239 lli
264 2206 418 2240 narrata
450 2201 584 2239 ferunt
614 2199 688 2238 alio
707 2231 718 2252 ,
750 2211 1014 2250 mensuraque
1047 2199 1127 2238 ficti

185 2259 364 2312 Crescit,
396 2265 436 2298 et
466 2259 607 2298 auditis
639 2258 783 2309 aliquid
816 2270 939 2297 novus
971 2257 1089 2297 adicit
1119 2263 1279 2297 auctor.

185 2317 266 2357 lllic
299 2317 517 2357 Credulitas
536 2349 546 2369 ,
578 2317 655 2355 illic
687 2317 922 2356 temerarius
953 2315 1076 2355 Error

122 2385 166 2417 60
186 2375 367 2429 Vanaque
399 2375 562 2415 Laetitia
593 2382 654 2415 est
684 2376 1004 2427 consternatique
1035 2374 1238 2426 Timores,
