1527 2580
545 119 595 154 XI
616 147 625 164 ‚
651 122 837 154 346—419
852 145 860 154 .
988 132 1169 154 rum‘russ
1298 120 1376 161 227

160 229 243 269 Rex
273 228 384 269 iubet
414 228 612 281 Oetaeus;
645 241 735 268 cum
767 230 854 280 quis
886 229 1001 268 simul
1034 231 1115 280 ipse
1149 229 1308 281 parabat

161 287 250 327 lre.
289 287 357 328 sed
389 287 558 339 Alcyone
591 289 761 326 coniunx
794 290 920 327 excita
953 288 1122 327 tumultu

73 354 138 387 385
159 346 347 399 Prosilit,
378 352 447 399 et,
478 346 652 385 nondum
685 352 787 385 totos
819 353 955 385 ornata
987 347 1170 399 capillos,

159 405 296 444 Disicit
326 405 397 444 hos
429 406 535 457 ipsos
554 437 565 457 ‚
597 404 775 456 colloque
806 406 934 444 infusa
967 407 1119 458 mariti,

158 464 338 503 Praestet
369 471 413 503 ut
443 463 630 502 auxilium
662 465 745 502 sine
778 476 820 502 se
840 496 850 515 ,
885 464 1091 515 verbisque
1123 471 1306 516 precatur

158 522 209 561 Et
239 522 439 575 lacrimis,
471 524 698 573 animasque
730 522 825 561 duas
860 529 902 561 ut
934 531 1063 562 servet
1095 525 1134 562 in
1168 535 1263 562 una.

158 581 345 620 Aeacides
377 580 459 620 illi:
492 579 693 632 ‘pulchros
711 612 723 633 ‚
755 582 888 632 regina
908 613 918 633 ‚
949 584 1113 633 piosque

71 648 138 680 390
158 640 264 679 Pone
296 646 454 679 metus.
492 639 605 691 plena
639 645 698 678 est
729 641 912 690 promissi
944 642 1066 691 gratia
1100 641 1242 679 vestri.

158 697 244 737 Non
275 698 403 750 placet
435 710 540 737 arma
572 698 667 737 mihi
699 705 835 737 contra
868 711 965 737 nova
997 706 1171 738 monstra
1203 701 1374 738 moveri:

159 756 313 796 Numen
345 756 585 796 adorandum
617 756 742 808 pelagi
775 754 873 796 est?
912 763 997 796 erat
1028 757 1148 796 ardua
1182 759 1302 796 turris

159 817 258 854 Arce
289 815 366 855 loci
397 827 577 866 summa,
610 816 724 854 sessis
755 815 822 854 lux
854 822 963 866 grata
995 817 1160 855 carinis.

159 874 388 913 Ascendunt
418 874 541 926 illuc,
573 880 796 925 stratosque
828 875 868 913 in
899 874 1013 913 litore
1046 881 1179 914 tauros

72 940 138 972 ‘⁴395
160 933 258 972 Cum
289 934 437 985 gemitu
469 934 693 985 aspiciunt,
725 939 1038 984 vastatoremque
1072 939 1236 972 cruento

160 991 238 1030 Ore
271 991 399 1030 ferum
416 1023 428 1043 ,
459 990 597 1042 longos
628 991 819 1030 infectum
851 993 1041 1042 sanguine
1074 991 1207 1030 villos.

159 1049 252 1089 Inde
285 1061 424 1089 manus
456 1049 622 1103 tendens
652 1051 692 1088 in
725 1051 852 1101 aperti
882 1050 996 1089 litora
1027 1052 1162 1102 ponti,

159 1108 388 1148 Caeruleam
418 1108 560 1148 Peleus
592 1108 826 1148 Psamathen
844 1140 855 1161 ,
888 1115 932 1148 ut
963 1109 1072 1148 finiat
1102 1111 1225 1160 iram,

160 1167 284 1219 Orat,
315 1179 509 1218 opemque
542 1167 670 1206 ferat.
710 1179 782 1206 nec
814 1167 976 1206 vocibus
1007 1167 1070 1206 illa
1103 1169 1276 1218 roganti-s

71 1233 138 1265 400
159 1225 350 1265 Flectitur
375 1225 594 1265 Aeacidae:
626 1225 761 1264 Thetis
794 1226 893 1264 hanc
924 1238 996 1277 pro
1023 1228 1189 1277 coniuge
1223 1225 1381 1278 supplex

158 1285 320 1336 Accepit
350 1285 529 1323 veniam.
574 1284 643 1323 sed
676 1285 780 1323 enim
811 1290 1018 1323 revocatus
1050 1286 1090 1323 in
1123 1286 1204 1323 acri

159 1342 286 1382 Caede
317 1342 434 1394 lupus
465 1348 645 1395 perstat,
677 1342 883 1382 dulcedine
915 1344 1116 1394 sanguinis
1149 1355 1286 1395 asper3

158 1401 292 1441 Donec
322 1401 593 1440 inhaerentem
624 1401 774 1440 lacerae
808 1402 960 1440 cervice
993 1403 1180 1441 iuvencae

158 1459 352 1499 Marmore
384 1462 574 1499 mutavit.
614 1472 758 1512 corpus
783 1466 1019 1512 praeterque
1046 1459 1219 1499 colorem
1240 1470 1268 1495 t.
1287 1469 1381 1495 clxvi.

72 1527 139 1558 405
160 1518 299 1558 Omnia
330 1520 526 1558 servavit:
559 1518 697 1570 lapidis
729 1519 838 1557 color
868 1518 1043 1571 indicat,
1075 1518 1185 1558 illum

159 1577 239 1617 Iam
270 1589 350 1617 non
381 1589 468 1616 esse
500 1577 638 1629 lupum
657 1609 667 1629 ,
699 1578 776 1616 iam
807 1589 886 1616 non
919 1577 1063 1616 debere
1097 1579 1249 1616 timeri.

159 1636 241 1676 Nec
271 1641 402 1675 tamen
433 1635 505 1675 hac
536 1637 747 1689 profugum
779 1637 996 1674 consistere
1028 1635 1144 1674 Pelea
1176 1643 1280 1675 terra

160 1694 252 1734 Fata
284 1696 447 1734 sinunt:
484 1694 682 1745 Magnetas
714 1694 793 1733 adit
825 1706 943 1745 vagus
975 1694 1094 1745 exul,
1126 1700 1165 1733 et
1196 1694 1274 1733 illic

162 1753 290 1793 Sumit
321 1752 368 1791 ab
399 1751 613 1791 Haemonio
645 1753 875 1804 purgamina
908 1752 1037 1791 caedis
1068 1755 1232 1791 Acasto.

74 1820 140 1851 410
219 1811 374 1851 Interea
405 1812 617 1862 fratrisque
650 1813 711 1850 sui
744 1811 984 1862 fratremque
1016 1813 1163 1850 secutis

159 1871 282 1909 Anxia
312 1869 501 1922 prodigiis
533 1869 713 1908 turbatus
745 1876 904 1920 pectora
936 1868 1064 1921 CeyX‚

161 1928 347 1968 Consulat
379 1934 422 1968 ut
453 1940 612 1981 sacras,
644 1928 847 1967 hominum
879 1927 1135 1967 oblectamina
1155 1960 1165 1980 ,
1197 1935 1347 1981 sortes,

160 1987 217 2026 Ad
249 1986 421 2026 Clarium
452 1994 564 2039 parat
593 1988 651 2026 ire
685 1988 829 2026 deum.
869 1999 957 2025 nam
991 1986 1133 2037 templa
1165 1988 1351 2037 profanus

161 2045 266 2085 Invia
297 2057 387 2085 cum
418 2045 600 2097 Phlegyis
633 2044 799 2084 faciebat
831 2044 1015 2096 Delphica
1046 2045 1242 2084 Phorbas.

76 2113 138 2143 415
161 2103 322 2143 Consilii
352 2110 482 2143 tamen
514 2110 603 2143 ante
635 2105 723 2156 sui,
758 2103 943 2142 fidissima
962 2135 973 2154 ‚
1005 2110 1153 2142 certam

160 2163 215 2202 Te
248 2163 368 2215 facit,
399 2162 598 2213 Alcyone.
643 2164 708 2201 cui
738 2163 920 2213 protinus
952 2163 1087 2201 intima
1119 2163 1243 2214 frigus

162 2221 258 2261 Ossa
289 2227 556 2273 receperunt,
587 2220 770 2272 buxoque
802 2220 1022 2260 simillimus
1054 2233 1122 2260 ora

162 2279 288 2320 Pallor
319 2279 430 2333 obit,
461 2279 709 2331 lacrimisque
742 2291 862 2331 genae
894 2279 1079 2319 maduere
1111 2281 1305 2332 profusis.

161 2339 238 2377 Ter
271 2344 409 2378 conata
439 2338 547 2390 loqui
578 2346 639 2377 ter
670 2337 826 2377 ssetibus
858 2350 926 2377 ora
958 2339 1119 2390 rigavit,

1032 2404 1101 2438 15*
