<?xml version="1.0" encoding="UTF-8"?>
<!DOCTYPE html PUBLIC "-//W3C//DTD XHTML 1.0 Transitional//EN"
    "http://www.w3.org/TR/xhtml1/DTD/xhtml1-transitional.dtd">
<html xmlns="http://www.w3.org/1999/xhtml" xml:lang="en" lang="en">
 <head>
  <title>
</title>
<meta http-equiv="Content-Type" content="text/html;charset=utf-8" />
  <meta name='ocr-system' content='tesseract 3.04.00' />
  <meta name='ocr-capabilities' content='ocr_page ocr_carea ocr_par ocr_line ocrx_word'/>
</head>
<body>
  <div class='ocr_page' id='page_1' title='image "./ovidopera02oviduoft_0102.png"; bbox 0 0 1554 2506; ppageno 0'>
   <div class='ocr_carea' id='block_1_1' title="bbox 146 91 932 136">
    <p class='ocr_par' dir='ltr' id='par_1_1' title="bbox 146 91 932 136">
     <span class='ocr_line' id='line_1_1' title="bbox 146 91 932 136; baseline -0.005 -6"><span class='ocrx_word' id='word_1_1' title='bbox 146 95 203 136; x_wconf 84' lang='lat'>50</span> <span class='ocrx_word' id='word_1_2' title='bbox 365 107 521 129; x_wconf 56' lang='lat' dir='ltr'>aennon</span> <span class='ocrx_word' id='word_1_3' title='bbox 696 91 910 127; x_wconf 82' lang='lat' dir='ltr'>METAMM</span> <span class='ocrx_word' id='word_1_4' title='bbox 925 118 932 126; x_wconf 95' lang='lat'>.</span> 
     </span>
    </p>
   </div>
   <div class='ocr_carea' id='block_1_2' title="bbox 171 202 1482 2347">
    <p class='ocr_par' dir='ltr' id='par_1_2' title="bbox 177 202 1482 487">
     <span class='ocr_line' id='line_1_2' title="bbox 177 202 1312 256; baseline 0 -13"><span class='ocrx_word' id='word_1_5' title='bbox 177 211 244 243; x_wconf 87' lang='lat'>140</span> <span class='ocrx_word' id='word_1_6' title='bbox 264 203 431 256; x_wconf 83' lang='lat' dir='ltr'>Addita,</span> <span class='ocrx_word' id='word_1_7' title='bbox 463 214 609 254; x_wconf 88' lang='lat' dir='ltr'>vosque</span> <span class='ocrx_word' id='word_1_8' title='bbox 642 214 757 241; x_wconf 89' lang='lat' dir='ltr'>canes</span> <span class='ocrx_word' id='word_1_9' title='bbox 789 203 949 242; x_wconf 82' lang='lat' dir='ltr'>satiatae</span> <span class='ocrx_word' id='word_1_10' title='bbox 982 204 1170 254; x_wconf 82' lang='lat' dir='ltr'>sanguine</span> <span class='ocrx_word' id='word_1_11' title='bbox 1203 202 1312 243; x_wconf 89' lang='lat' dir='ltr'>erili.</span> 
     </span>
     <span class='ocr_line' id='line_1_3' title="bbox 263 260 1313 315; baseline 0 -15"><span class='ocrx_word' id='word_1_12' title='bbox 263 262 312 301; x_wconf 85' lang='lat' dir='ltr'>At</span> <span class='ocrx_word' id='word_1_13' title='bbox 342 261 442 300; x_wconf 91' lang='lat' dir='ltr'>bene</span> <span class='ocrx_word' id='word_1_14' title='bbox 469 264 501 300; x_wconf 81' lang='lat' dir='ltr'>si</span> <span class='ocrx_word' id='word_1_15' title='bbox 533 272 726 313; x_wconf 85' lang='lat' dir='ltr'>quaeras,</span> <span class='ocrx_word' id='word_1_16' title='bbox 758 260 938 300; x_wconf 78' lang='lat' dir='ltr'>fortunae</span> <span class='ocrx_word' id='word_1_17' title='bbox 971 263 1120 300; x_wconf 83' lang='lat' dir='ltr'>crimen</span> <span class='ocrx_word' id='word_1_18' title='bbox 1151 262 1192 300; x_wconf 90' lang='lat' dir='ltr'>in</span> <span class='ocrx_word' id='word_1_19' title='bbox 1223 261 1313 315; x_wconf 88' lang='lat' dir='ltr'>illo,</span> 
     </span>
     <span class='ocr_line' id='line_1_4' title="bbox 262 318 1482 370; baseline 0.002 -12"><span class='ocrx_word' id='word_1_20' title='bbox 262 320 348 359; x_wconf 92' lang='lat' dir='ltr'>Non</span> <span class='ocrx_word' id='word_1_21' title='bbox 369 320 497 359; x_wconf 88' lang='lat' dir='ltr'>scelus</span> <span class='ocrx_word' id='word_1_22' title='bbox 517 321 691 357; x_wconf 87' lang='lat' dir='ltr'>invenies</span> <span class='ocrx_word' id='word_1_23' title='bbox 712 350 720 357; x_wconf 90' lang='lat'><em>.</em></span> <span class='ocrx_word' id='word_1_24' title='bbox 753 318 856 370; x_wconf 89' lang='lat' dir='ltr'>quod</span> <span class='ocrx_word' id='word_1_25' title='bbox 877 321 980 358; x_wconf 89' lang='lat' dir='ltr'>enim</span> <span class='ocrx_word' id='word_1_26' title='bbox 1002 319 1130 359; x_wconf 90' lang='lat' dir='ltr'>scelus</span> <span class='ocrx_word' id='word_1_27' title='bbox 1151 331 1263 359; x_wconf 89' lang='lat' dir='ltr'>error</span> <span class='ocrx_word' id='word_1_28' title='bbox 1282 318 1482 361; x_wconf 78' lang='lat' dir='ltr'>habebat?</span> 
     </span>
     <span class='ocr_line' id='line_1_5' title="bbox 263 377 1294 430; baseline 0.001 -14"><span class='ocrx_word' id='word_1_29' title='bbox 263 378 374 417; x_wconf 83' lang='lat' dir='ltr'>Mons</span> <span class='ocrx_word' id='word_1_30' title='bbox 407 383 490 417; x_wconf 90' lang='lat' dir='ltr'>erat</span> <span class='ocrx_word' id='word_1_31' title='bbox 520 377 691 416; x_wconf 84' lang='lat' dir='ltr'>infectus</span> <span class='ocrx_word' id='word_1_32' title='bbox 723 379 916 417; x_wconf 87' lang='lat' dir='ltr'>variarum</span> <span class='ocrx_word' id='word_1_33' title='bbox 949 378 1066 417; x_wconf 88' lang='lat' dir='ltr'>caede</span> <span class='ocrx_word' id='word_1_34' title='bbox 1098 379 1294 430; x_wconf 81' lang='lat' dir='ltr'>ferarum,</span> 
     </span>
     <span class='ocr_line' id='line_1_6' title="bbox 262 435 1352 487; baseline 0.002 -13"><span class='ocrx_word' id='word_1_35' title='bbox 262 436 418 487; x_wconf 87' lang='lat' dir='ltr'>Iamque</span> <span class='ocrx_word' id='word_1_36' title='bbox 451 436 534 474; x_wconf 84' lang='lat' dir='ltr'>dies</span> <span class='ocrx_word' id='word_1_37' title='bbox 566 435 717 475; x_wconf 84' lang='lat' dir='ltr'>medius</span> <span class='ocrx_word' id='word_1_38' title='bbox 748 448 883 475; x_wconf 89' lang='lat' dir='ltr'>rerum</span> <span class='ocrx_word' id='word_1_39' title='bbox 915 442 1164 476; x_wconf 82' lang='lat' dir='ltr'>contraxerat</span> <span class='ocrx_word' id='word_1_40' title='bbox 1194 436 1352 477; x_wconf 87' lang='lat' dir='ltr'>umbras</span> 
     </span>
    </p>

    <p class='ocr_par' dir='ltr' id='par_1_3' title="bbox 171 494 1189 546">
     <span class='ocr_line' id='line_1_7' title="bbox 171 494 1189 546; baseline 0.003 -14"><span class='ocrx_word' id='word_1_41' title='bbox 171 502 235 533; x_wconf 75' lang='lat'>145</span> <span class='ocrx_word' id='word_1_42' title='bbox 257 494 306 533; x_wconf 86' lang='lat' dir='ltr'>Et</span> <span class='ocrx_word' id='word_1_43' title='bbox 339 494 396 533; x_wconf 82' lang='lat' dir='ltr'>sol</span> <span class='ocrx_word' id='word_1_44' title='bbox 428 506 475 533; x_wconf 88' lang='lat' dir='ltr'>ex</span> <span class='ocrx_word' id='word_1_45' title='bbox 507 505 631 545; x_wconf 90' lang='lat' dir='ltr'>aequo</span> <span class='ocrx_word' id='word_1_46' title='bbox 664 500 766 533; x_wconf 90' lang='lat' dir='ltr'>meta</span> <span class='ocrx_word' id='word_1_47' title='bbox 800 494 967 534; x_wconf 86' lang='lat' dir='ltr'>distabat</span> <span class='ocrx_word' id='word_1_48' title='bbox 997 500 1189 546; x_wconf 87' lang='lat' dir='ltr'>utraque:</span> 
     </span>
    </p>

    <p class='ocr_par' dir='ltr' id='par_1_4' title="bbox 260 552 1328 664">
     <span class='ocr_line' id='line_1_8' title="bbox 262 552 1328 605; baseline 0.002 -15"><span class='ocrx_word' id='word_1_49' title='bbox 262 552 358 591; x_wconf 92' lang='lat' dir='ltr'>Cum</span> <span class='ocrx_word' id='word_1_50' title='bbox 390 553 540 591; x_wconf 86' lang='lat' dir='ltr'>iuvenis</span> <span class='ocrx_word' id='word_1_51' title='bbox 572 552 722 604; x_wconf 89' lang='lat' dir='ltr'>placido</span> <span class='ocrx_word' id='word_1_52' title='bbox 754 565 825 605; x_wconf 89' lang='lat' dir='ltr'>per</span> <span class='ocrx_word' id='word_1_53' title='bbox 857 553 966 593; x_wconf 86' lang='lat' dir='ltr'>devia</span> <span class='ocrx_word' id='word_1_54' title='bbox 997 553 1120 593; x_wconf 88' lang='lat' dir='ltr'>lustra</span> <span class='ocrx_word' id='word_1_55' title='bbox 1145 558 1328 605; x_wconf 84' lang='lat' dir='ltr'>vagantes</span> 
     </span>
     <span class='ocr_line' id='line_1_9' title="bbox 260 611 1252 664; baseline 0.002 -15"><span class='ocrx_word' id='word_1_56' title='bbox 260 611 474 662; x_wconf 88' lang='lat' dir='ltr'>Participes</span> <span class='ocrx_word' id='word_1_57' title='bbox 507 623 670 662; x_wconf 92' lang='lat' dir='ltr'>operum</span> <span class='ocrx_word' id='word_1_58' title='bbox 702 612 908 664; x_wconf 83' lang='lat' dir='ltr'>compellat</span> <span class='ocrx_word' id='word_1_59' title='bbox 938 611 1128 664; x_wconf 65' lang='lat' dir='ltr'>Hya‘ntius</span> <span class='ocrx_word' id='word_1_60' title='bbox 1160 624 1252 651; x_wconf 91' lang='lat' dir='ltr'>ore:</span> 
     </span>
    </p>

    <p class='ocr_par' dir='ltr' id='par_1_5' title="bbox 259 666 1481 788">
     <span class='ocr_line' id='line_1_10' title="bbox 261 666 1481 723; baseline 0.002 -16"><span class='ocrx_word' id='word_1_61' title='bbox 261 666 371 708; x_wconf 79' lang='lat' dir='ltr'>‘Lina</span> <span class='ocrx_word' id='word_1_62' title='bbox 402 669 589 722; x_wconf 82' lang='lat' dir='ltr'>madent,</span> <span class='ocrx_word' id='word_1_63' title='bbox 620 672 783 709; x_wconf 88' lang='lat' dir='ltr'>comites</span> <span class='ocrx_word' id='word_1_64' title='bbox 807 702 818 723; x_wconf 87' lang='lat'><em>,</em></span> <span class='ocrx_word' id='word_1_65' title='bbox 850 671 1078 722; x_wconf 88' lang='lat' dir='ltr'>ferrumque</span> <span class='ocrx_word' id='word_1_66' title='bbox 1111 682 1252 710; x_wconf 88' lang='lat' dir='ltr'>cruore</span> <span class='ocrx_word' id='word_1_67' title='bbox 1284 670 1481 723; x_wconf 81' lang='lat' dir='ltr'>serarum,</span> 
     </span>
     <span class='ocr_line' id='line_1_11' title="bbox 259 727 1303 788; baseline 0.002 -22"><span class='ocrx_word' id='word_1_68' title='bbox 259 727 550 779; x_wconf 86' lang='lat' dir='ltr'>Fortunamque</span> <span class='ocrx_word' id='word_1_69' title='bbox 583 727 665 766; x_wconf 85' lang='lat' dir='ltr'>dies</span> <span class='ocrx_word' id='word_1_70' title='bbox 697 728 833 768; x_wconf 86' lang='lat' dir='ltr'>habuit</span> <span class='ocrx_word' id='word_1_71' title='bbox 863 730 957 788; x_wconf 61' lang='lat' dir='ltr'>st</span> <span class='ocrx_word' id='word_1_72' title='bbox 977 759 986 768; x_wconf 88' lang='lat'><strong>.</strong></span> <span class='ocrx_word' id='word_1_73' title='bbox 1024 729 1144 768; x_wconf 86' lang='lat' dir='ltr'>altera</span> <span class='ocrx_word' id='word_1_74' title='bbox 1176 728 1303 768; x_wconf 87' lang='lat' dir='ltr'>lucem</span> 
     </span>
    </p>

    <p class='ocr_par' dir='ltr' id='par_1_6' title="bbox 174 785 1479 957">
     <span class='ocr_line' id='line_1_12' title="bbox 174 785 1252 840; baseline 0.003 -16"><span class='ocrx_word' id='word_1_75' title='bbox 174 792 239 825; x_wconf 79' lang='lat'>150</span> <span class='ocrx_word' id='word_1_76' title='bbox 260 785 358 825; x_wconf 89' lang='lat' dir='ltr'>Cum</span> <span class='ocrx_word' id='word_1_77' title='bbox 390 788 540 825; x_wconf 83' lang='lat' dir='ltr'>croceis</span> <span class='ocrx_word' id='word_1_78' title='bbox 571 788 724 825; x_wconf 89' lang='lat' dir='ltr'>invecta</span> <span class='ocrx_word' id='word_1_79' title='bbox 754 788 852 826; x_wconf 90' lang='lat' dir='ltr'>rotis</span> <span class='ocrx_word' id='word_1_80' title='bbox 884 787 1034 826; x_wconf 86' lang='lat' dir='ltr'>Aurora</span> <span class='ocrx_word' id='word_1_81' title='bbox 1066 787 1252 840; x_wconf 79' lang='lat' dir='ltr'>reducet,</span> 
     </span>
     <span class='ocr_line' id='line_1_13' title="bbox 260 844 1479 899; baseline 0.003 -16"><span class='ocrx_word' id='word_1_82' title='bbox 260 844 512 896; x_wconf 83' lang='lat' dir='ltr'>Propositum</span> <span class='ocrx_word' id='word_1_83' title='bbox 544 850 769 897; x_wconf 81' lang='lat' dir='ltr'>repetemus</span> <span class='ocrx_word' id='word_1_84' title='bbox 801 857 929 897; x_wconf 88' lang='lat' dir='ltr'>opus.</span> <span class='ocrx_word' id='word_1_85' title='bbox 961 857 1066 884; x_wconf 91' lang='lat' dir='ltr'>nunc</span> <span class='ocrx_word' id='word_1_86' title='bbox 1097 845 1280 886; x_wconf 90' lang='lat' dir='ltr'>Phoebus</span> <span class='ocrx_word' id='word_1_87' title='bbox 1314 851 1479 899; x_wconf 88' lang='lat' dir='ltr'>utraque</span> 
     </span>
     <span class='ocr_line' id='line_1_14' title="bbox 259 903 1286 957; baseline 0.002 -15"><span class='ocrx_word' id='word_1_88' title='bbox 259 903 383 942; x_wconf 90' lang='lat' dir='ltr'>Distat</span> <span class='ocrx_word' id='word_1_89' title='bbox 414 903 517 942; x_wconf 90' lang='lat' dir='ltr'>idem</span> <span class='ocrx_word' id='word_1_90' title='bbox 549 909 656 943; x_wconf 86' lang='lat' dir='ltr'>creta</span> <span class='ocrx_word' id='word_1_91' title='bbox 674 935 686 957; x_wconf 87' lang='lat'><em>‚</em></span> <span class='ocrx_word' id='word_1_92' title='bbox 717 903 907 955; x_wconf 87' lang='lat' dir='ltr'>finditque</span> <span class='ocrx_word' id='word_1_93' title='bbox 939 903 1148 956; x_wconf 85' lang='lat' dir='ltr'>vaporibus</span> <span class='ocrx_word' id='word_1_94' title='bbox 1174 916 1286 945; x_wconf 86' lang='lat' dir='ltr'>arva.</span> 
     </span>
    </p>

    <p class='ocr_par' dir='ltr' id='par_1_7' title="bbox 258 961 1329 1072">
     <span class='ocr_line' id='line_1_15' title="bbox 261 961 1329 1015; baseline 0.003 -15"><span class='ocrx_word' id='word_1_95' title='bbox 261 961 394 1000; x_wconf 84' lang='lat' dir='ltr'>Sistite</span> <span class='ocrx_word' id='word_1_96' title='bbox 428 974 525 1013; x_wconf 90' lang='lat' dir='ltr'>opus</span> <span class='ocrx_word' id='word_1_97' title='bbox 557 974 768 1015; x_wconf 87' lang='lat' dir='ltr'>praesens,</span> <span class='ocrx_word' id='word_1_98' title='bbox 799 962 1026 1014; x_wconf 88' lang='lat' dir='ltr'>nodosaque</span> <span class='ocrx_word' id='word_1_99' title='bbox 1056 962 1181 1002; x_wconf 86' lang='lat' dir='ltr'>tollite</span> <span class='ocrx_word' id='word_1_100' title='bbox 1212 961 1329 1003; x_wconf 88' lang='lat' dir='ltr'>lina.’</span> 
     </span>
     <span class='ocr_line' id='line_1_16' title="bbox 258 1019 1254 1072; baseline 0.003 -14"><span class='ocrx_word' id='word_1_101' title='bbox 258 1019 368 1059; x_wconf 88' lang='lat' dir='ltr'>Iussa</span> <span class='ocrx_word' id='word_1_102' title='bbox 399 1021 471 1059; x_wconf 88' lang='lat' dir='ltr'>viri</span> <span class='ocrx_word' id='word_1_103' title='bbox 502 1021 651 1059; x_wconf 81' lang='lat' dir='ltr'>faciunt</span> <span class='ocrx_word' id='word_1_104' title='bbox 681 1021 1026 1072; x_wconf 87' lang='lat' dir='ltr'>intermittuntque</span> <span class='ocrx_word' id='word_1_105' title='bbox 1058 1020 1254 1061; x_wconf 90' lang='lat' dir='ltr'>laborem.</span> 
     </span>
    </p>

    <p class='ocr_par' dir='ltr' id='par_1_8' title="bbox 175 1077 1379 1364">
     <span class='ocr_line' id='line_1_17' title="bbox 175 1077 1258 1133; baseline 0.003 -17"><span class='ocrx_word' id='word_1_106' title='bbox 175 1083 238 1116; x_wconf 80' lang='lat'>155</span> <span class='ocrx_word' id='word_1_107' title='bbox 258 1077 374 1117; x_wconf 89' lang='lat' dir='ltr'>Vallis</span> <span class='ocrx_word' id='word_1_108' title='bbox 407 1083 491 1117; x_wconf 89' lang='lat' dir='ltr'>erat</span> <span class='ocrx_word' id='word_1_109' title='bbox 520 1079 643 1129; x_wconf 85' lang='lat' dir='ltr'>piceis</span> <span class='ocrx_word' id='word_1_110' title='bbox 675 1084 714 1118; x_wconf 89' lang='lat' dir='ltr'>et</span> <span class='ocrx_word' id='word_1_111' title='bbox 745 1085 858 1118; x_wconf 88' lang='lat' dir='ltr'>acuta</span> <span class='ocrx_word' id='word_1_112' title='bbox 890 1079 1010 1118; x_wconf 83' lang='lat' dir='ltr'>densa</span> <span class='ocrx_word' id='word_1_113' title='bbox 1041 1091 1258 1133; x_wconf 84' lang='lat' dir='ltr'>cupressu,</span> 
     </span>
     <span class='ocr_line' id='line_1_18' title="bbox 257 1135 1295 1191; baseline 0.003 -17"><span class='ocrx_word' id='word_1_114' title='bbox 257 1136 422 1175; x_wconf 90' lang='lat' dir='ltr'>Nomine</span> <span class='ocrx_word' id='word_1_115' title='bbox 455 1135 670 1188; x_wconf 85' lang='lat' dir='ltr'>Gargaphie</span> <span class='ocrx_word' id='word_1_116' title='bbox 689 1168 700 1190; x_wconf 82' lang='lat'>‚</span> <span class='ocrx_word' id='word_1_117' title='bbox 731 1138 955 1176; x_wconf 73' lang='lat' dir='ltr'>succinctae</span> <span class='ocrx_word' id='word_1_118' title='bbox 987 1149 1097 1176; x_wconf 88' lang='lat' dir='ltr'>sacra</span> <span class='ocrx_word' id='word_1_119' title='bbox 1128 1137 1295 1191; x_wconf 84' lang='lat' dir='ltr'>Dianae,</span> 
     </span>
     <span class='ocr_line' id='line_1_19' title="bbox 258 1194 1379 1249; baseline 0.004 -16"><span class='ocrx_word' id='word_1_120' title='bbox 258 1194 378 1233; x_wconf 89' lang='lat' dir='ltr'>Cuius</span> <span class='ocrx_word' id='word_1_121' title='bbox 409 1196 450 1233; x_wconf 91' lang='lat' dir='ltr'>in</span> <span class='ocrx_word' id='word_1_122' title='bbox 481 1200 655 1234; x_wconf 86' lang='lat' dir='ltr'>extremo</span> <span class='ocrx_word' id='word_1_123' title='bbox 688 1200 749 1234; x_wconf 89' lang='lat' dir='ltr'>est</span> <span class='ocrx_word' id='word_1_124' title='bbox 779 1201 935 1235; x_wconf 87' lang='lat' dir='ltr'>antrum</span> <span class='ocrx_word' id='word_1_125' title='bbox 966 1196 1163 1235; x_wconf 89' lang='lat' dir='ltr'>nemorale</span> <span class='ocrx_word' id='word_1_126' title='bbox 1195 1208 1379 1249; x_wconf 85' lang='lat' dir='ltr'>recessu,</span> 
     </span>
     <span class='ocr_line' id='line_1_20' title="bbox 258 1252 1200 1294; baseline 0.003 -3"><span class='ocrx_word' id='word_1_127' title='bbox 258 1253 351 1292; x_wconf 83' lang='lat' dir='ltr'>Arte</span> <span class='ocrx_word' id='word_1_128' title='bbox 383 1252 600 1292; x_wconf 87' lang='lat' dir='ltr'>laboratum</span> <span class='ocrx_word' id='word_1_129' title='bbox 631 1253 765 1293; x_wconf 91' lang='lat' dir='ltr'>nulla:</span> <span class='ocrx_word' id='word_1_130' title='bbox 797 1253 1047 1294; x_wconf 85' lang='lat' dir='ltr'>simulaverat</span> <span class='ocrx_word' id='word_1_131' title='bbox 1077 1260 1200 1294; x_wconf 89' lang='lat' dir='ltr'>artem</span> 
     </span>
     <span class='ocr_line' id='line_1_21' title="bbox 259 1311 1146 1364; baseline 0.002 -14"><span class='ocrx_word' id='word_1_132' title='bbox 259 1311 419 1362; x_wconf 75' lang='lat' dir='ltr'>ingenio</span> <span class='ocrx_word' id='word_1_133' title='bbox 452 1317 590 1350; x_wconf 88' lang='lat' dir='ltr'>natura</span> <span class='ocrx_word' id='word_1_134' title='bbox 621 1324 722 1363; x_wconf 83' lang='lat' dir='ltr'>suo3</span> <span class='ocrx_word' id='word_1_135' title='bbox 754 1324 842 1352; x_wconf 86' lang='lat' dir='ltr'>nam</span> <span class='ocrx_word' id='word_1_136' title='bbox 874 1314 1029 1364; x_wconf 91' lang='lat' dir='ltr'>pumice</span> <span class='ocrx_word' id='word_1_137' title='bbox 1060 1313 1146 1352; x_wconf 89' lang='lat' dir='ltr'>vivo</span> 
     </span>
    </p>

    <p class='ocr_par' dir='ltr' id='par_1_9' title="bbox 173 1369 1196 1412">
     <span class='ocr_line' id='line_1_22' title="bbox 173 1369 1196 1412; baseline 0.003 -4"><span class='ocrx_word' id='word_1_138' title='bbox 173 1378 238 1409; x_wconf 84' lang='lat'>160</span> <span class='ocrx_word' id='word_1_139' title='bbox 258 1369 307 1408; x_wconf 88' lang='lat' dir='ltr'>Et</span> <span class='ocrx_word' id='word_1_140' title='bbox 338 1369 487 1409; x_wconf 88' lang='lat' dir='ltr'>levibus</span> <span class='ocrx_word' id='word_1_141' title='bbox 519 1370 607 1409; x_wconf 82' lang='lat' dir='ltr'>tofis</span> <span class='ocrx_word' id='word_1_142' title='bbox 639 1372 811 1410; x_wconf 86' lang='lat' dir='ltr'>nativum</span> <span class='ocrx_word' id='word_1_143' title='bbox 843 1370 1008 1410; x_wconf 86' lang='lat' dir='ltr'>duxerat</span> <span class='ocrx_word' id='word_1_144' title='bbox 1038 1383 1196 1412; x_wconf 88' lang='lat' dir='ltr'>arcum.</span> 
     </span>
    </p>

    <p class='ocr_par' dir='ltr' id='par_1_10' title="bbox 256 1428 1276 1656">
     <span class='ocr_line' id='line_1_23' title="bbox 257 1428 1276 1483; baseline 0.003 -17"><span class='ocrx_word' id='word_1_145' title='bbox 257 1428 360 1467; x_wconf 88' lang='lat' dir='ltr'>Fons</span> <span class='ocrx_word' id='word_1_146' title='bbox 392 1434 503 1467; x_wconf 88' lang='lat' dir='ltr'>sonat</span> <span class='ocrx_word' id='word_1_147' title='bbox 534 1440 555 1467; x_wconf 89' lang='lat' dir='ltr'>a</span> <span class='ocrx_word' id='word_1_148' title='bbox 587 1429 722 1468; x_wconf 86' lang='lat' dir='ltr'>dextra</span> <span class='ocrx_word' id='word_1_149' title='bbox 753 1431 862 1468; x_wconf 88' lang='lat' dir='ltr'>tenui</span> <span class='ocrx_word' id='word_1_150' title='bbox 893 1429 1120 1481; x_wconf 86' lang='lat' dir='ltr'>perlucidus</span> <span class='ocrx_word' id='word_1_151' title='bbox 1152 1430 1276 1483; x_wconf 87' lang='lat' dir='ltr'>unda,</span> 
     </span>
     <span class='ocr_line' id='line_1_24' title="bbox 257 1486 1256 1539; baseline 0.003 -14"><span class='ocrx_word' id='word_1_152' title='bbox 257 1486 428 1538; x_wconf 85' lang='lat' dir='ltr'>Margine</span> <span class='ocrx_word' id='word_1_153' title='bbox 460 1488 660 1538; x_wconf 90' lang='lat' dir='ltr'>gramineo</span> <span class='ocrx_word' id='word_1_154' title='bbox 690 1487 843 1539; x_wconf 86' lang='lat' dir='ltr'>patulos</span> <span class='ocrx_word' id='word_1_155' title='bbox 876 1489 1071 1527; x_wconf 88' lang='lat' dir='ltr'>incinctus</span> <span class='ocrx_word' id='word_1_156' title='bbox 1102 1488 1256 1528; x_wconf 87' lang='lat' dir='ltr'>hiatus.</span> 
     </span>
     <span class='ocr_line' id='line_1_25' title="bbox 259 1545 1138 1586; baseline 0.001 -2"><span class='ocrx_word' id='word_1_157' title='bbox 259 1545 330 1584; x_wconf 92' lang='lat' dir='ltr'>Hic</span> <span class='ocrx_word' id='word_1_158' title='bbox 362 1545 433 1584; x_wconf 90' lang='lat' dir='ltr'>dea</span> <span class='ocrx_word' id='word_1_159' title='bbox 466 1545 648 1584; x_wconf 90' lang='lat' dir='ltr'>silvarum</span> <span class='ocrx_word' id='word_1_160' title='bbox 680 1551 822 1585; x_wconf 88' lang='lat' dir='ltr'>venatu</span> <span class='ocrx_word' id='word_1_161' title='bbox 855 1546 955 1585; x_wconf 86' lang='lat' dir='ltr'>fessa</span> <span class='ocrx_word' id='word_1_162' title='bbox 988 1545 1138 1586; x_wconf 91' lang='lat' dir='ltr'>solebat</span> 
     </span>
     <span class='ocr_line' id='line_1_26' title="bbox 256 1603 1194 1656; baseline 0.003 -15"><span class='ocrx_word' id='word_1_163' title='bbox 256 1603 459 1655; x_wconf 88' lang='lat' dir='ltr'>Virgineos</span> <span class='ocrx_word' id='word_1_164' title='bbox 491 1609 599 1643; x_wconf 88' lang='lat' dir='ltr'>artus</span> <span class='ocrx_word' id='word_1_165' title='bbox 630 1603 778 1656; x_wconf 81' lang='lat' dir='ltr'>liquido</span> <span class='ocrx_word' id='word_1_166' title='bbox 809 1604 1048 1656; x_wconf 81' lang='lat' dir='ltr'>perfundere</span> <span class='ocrx_word' id='word_1_167' title='bbox 1080 1616 1194 1645; x_wconf 89' lang='lat' dir='ltr'>rore.</span> 
     </span>
    </p>

    <p class='ocr_par' dir='ltr' id='par_1_11' title="bbox 172 1662 1478 1949">
     <span class='ocr_line' id='line_1_27' title="bbox 172 1662 1343 1715; baseline 0.003 -15"><span class='ocrx_word' id='word_1_168' title='bbox 172 1669 236 1701; x_wconf 64' lang='lat'>165</span> <span class='ocrx_word' id='word_1_169' title='bbox 258 1662 343 1708; x_wconf 89' lang='lat' dir='ltr'>Quo</span> <span class='ocrx_word' id='word_1_170' title='bbox 375 1667 581 1714; x_wconf 86' lang='lat' dir='ltr'>postquam</span> <span class='ocrx_word' id='word_1_171' title='bbox 614 1662 761 1715; x_wconf 87' lang='lat' dir='ltr'>subiit,</span> <span class='ocrx_word' id='word_1_172' title='bbox 794 1662 1052 1714; x_wconf 86' lang='lat' dir='ltr'>nympharum</span> <span class='ocrx_word' id='word_1_173' title='bbox 1083 1663 1242 1703; x_wconf 88' lang='lat' dir='ltr'>tradidit</span> <span class='ocrx_word' id='word_1_174' title='bbox 1274 1665 1343 1703; x_wconf 89' lang='lat' dir='ltr'>uni</span> 
     </span>
     <span class='ocr_line' id='line_1_28' title="bbox 257 1720 1478 1777; baseline 0.002 -18"><span class='ocrx_word' id='word_1_175' title='bbox 257 1721 480 1772; x_wconf 76' lang='lat' dir='ltr'>Armigerae</span> <span class='ocrx_word' id='word_1_176' title='bbox 512 1720 682 1760; x_wconf 89' lang='lat' dir='ltr'>iaculum</span> <span class='ocrx_word' id='word_1_177' title='bbox 713 1721 1015 1773; x_wconf 85' lang='lat' dir='ltr'>pharetramque</span> <span class='ocrx_word' id='word_1_178' title='bbox 1053 1734 1246 1774; x_wconf 84' lang='lat' dir='ltr'>arcusque</span> <span class='ocrx_word' id='word_1_179' title='bbox 1279 1728 1478 1777; x_wconf 80' lang='lat' dir='ltr'>retentos3</span> 
     </span>
     <span class='ocr_line' id='line_1_29' title="bbox 258 1779 1206 1833; baseline 0.002 -16"><span class='ocrx_word' id='word_1_180' title='bbox 258 1779 386 1818; x_wconf 84' lang='lat' dir='ltr'>Altera</span> <span class='ocrx_word' id='word_1_181' title='bbox 419 1779 618 1830; x_wconf 88' lang='lat' dir='ltr'>depositae</span> <span class='ocrx_word' id='word_1_182' title='bbox 650 1779 818 1819; x_wconf 91' lang='lat' dir='ltr'>subiecit</span> <span class='ocrx_word' id='word_1_183' title='bbox 848 1779 1030 1819; x_wconf 84' lang='lat' dir='ltr'>bracchia</span> <span class='ocrx_word' id='word_1_184' title='bbox 1060 1780 1206 1833; x_wconf 79' lang='lat' dir='ltr'>pallae3</span> 
     </span>
     <span class='ocr_line' id='line_1_30' title="bbox 257 1837 1351 1889; baseline 0.004 -14"><span class='ocrx_word' id='word_1_185' title='bbox 257 1837 386 1876; x_wconf 89' lang='lat' dir='ltr'>Vincla</span> <span class='ocrx_word' id='word_1_186' title='bbox 420 1838 517 1876; x_wconf 87' lang='lat' dir='ltr'>duae</span> <span class='ocrx_word' id='word_1_187' title='bbox 549 1837 713 1889; x_wconf 87' lang='lat' dir='ltr'>pedibus</span> <span class='ocrx_word' id='word_1_188' title='bbox 745 1838 935 1878; x_wconf 90' lang='lat' dir='ltr'>demunt.</span> <span class='ocrx_word' id='word_1_189' title='bbox 973 1851 1062 1878; x_wconf 90' lang='lat' dir='ltr'>nam</span> <span class='ocrx_word' id='word_1_190' title='bbox 1093 1838 1246 1879; x_wconf 85' lang='lat' dir='ltr'>doctior</span> <span class='ocrx_word' id='word_1_191' title='bbox 1275 1839 1351 1880; x_wconf 85' lang='lat' dir='ltr'>illis</span> 
     </span>
     <span class='ocr_line' id='line_1_31' title="bbox 257 1895 1223 1949; baseline 0.002 -15"><span class='ocrx_word' id='word_1_192' title='bbox 257 1895 420 1934; x_wconf 87' lang='lat' dir='ltr'>Ismenis</span> <span class='ocrx_word' id='word_1_193' title='bbox 454 1895 613 1935; x_wconf 84' lang='lat' dir='ltr'>Crocale</span> <span class='ocrx_word' id='word_1_194' title='bbox 646 1908 802 1948; x_wconf 88' lang='lat' dir='ltr'>sparsos</span> <span class='ocrx_word' id='word_1_195' title='bbox 833 1909 904 1948; x_wconf 85' lang='lat' dir='ltr'>per</span> <span class='ocrx_word' id='word_1_196' title='bbox 936 1896 1223 1949; x_wconf 44' lang='lat' dir='ltr'>collassapillos</span> 
     </span>
    </p>

    <p class='ocr_par' dir='ltr' id='par_1_12' title="bbox 173 1953 1421 2185">
     <span class='ocr_line' id='line_1_32' title="bbox 173 1953 1368 2007; baseline 0.003 -15"><span class='ocrx_word' id='word_1_197' title='bbox 173 1961 238 1992; x_wconf 80' lang='lat'>170</span> <span class='ocrx_word' id='word_1_198' title='bbox 260 1953 413 2004; x_wconf 83' lang='lat' dir='ltr'>Colligit</span> <span class='ocrx_word' id='word_1_199' title='bbox 444 1956 483 1993; x_wconf 90' lang='lat' dir='ltr'>in</span> <span class='ocrx_word' id='word_1_200' title='bbox 516 1955 690 1994; x_wconf 89' lang='lat' dir='ltr'>nodum.</span> <span class='ocrx_word' id='word_1_201' title='bbox 730 1954 922 2006; x_wconf 89' lang='lat' dir='ltr'>[quamvis</span> <span class='ocrx_word' id='word_1_202' title='bbox 955 1961 1038 1994; x_wconf 85' lang='lat' dir='ltr'>erat</span> <span class='ocrx_word' id='word_1_203' title='bbox 1068 1956 1151 2007; x_wconf 90' lang='lat' dir='ltr'>ipsa</span> <span class='ocrx_word' id='word_1_204' title='bbox 1183 1955 1368 2007; x_wconf 72' lang='lat' dir='ltr'>solutis]</span> 
     </span>
     <span class='ocr_line' id='line_1_33' title="bbox 257 2011 1418 2067; baseline 0.004 -17"><span class='ocrx_word' id='word_1_205' title='bbox 257 2011 466 2063; x_wconf 82' lang='lat' dir='ltr'>Excipiunt</span> <span class='ocrx_word' id='word_1_206' title='bbox 496 2013 650 2052; x_wconf 90' lang='lat' dir='ltr'>laticem</span> <span class='ocrx_word' id='word_1_207' title='bbox 681 2013 931 2065; x_wconf 88' lang='lat' dir='ltr'>Nepheleque</span> <span class='ocrx_word' id='word_1_208' title='bbox 963 2013 1161 2065; x_wconf 80' lang='lat' dir='ltr'>Hyaleque</span> <span class='ocrx_word' id='word_1_209' title='bbox 1193 2014 1418 2067; x_wconf 87' lang='lat' dir='ltr'>Rhanisque</span> 
     </span>
     <span class='ocr_line' id='line_1_34' title="bbox 257 2069 1421 2125; baseline 0.005 -17"><span class='ocrx_word' id='word_1_210' title='bbox 257 2069 307 2108; x_wconf 90' lang='lat' dir='ltr'>Et</span> <span class='ocrx_word' id='word_1_211' title='bbox 337 2070 477 2109; x_wconf 90' lang='lat' dir='ltr'>Psecas</span> <span class='ocrx_word' id='word_1_212' title='bbox 510 2077 548 2110; x_wconf 87' lang='lat' dir='ltr'>et</span> <span class='ocrx_word' id='word_1_213' title='bbox 578 2071 709 2111; x_wconf 89' lang='lat' dir='ltr'>Phiale</span> <span class='ocrx_word' id='word_1_214' title='bbox 727 2104 739 2125; x_wconf 83' lang='lat'><em>‚</em></span> <span class='ocrx_word' id='word_1_215' title='bbox 771 2073 1018 2123; x_wconf 85' lang='lat' dir='ltr'>funduntque</span> <span class='ocrx_word' id='word_1_216' title='bbox 1050 2073 1257 2125; x_wconf 87' lang='lat' dir='ltr'>capacibus</span> <span class='ocrx_word' id='word_1_217' title='bbox 1287 2075 1421 2114; x_wconf 91' lang='lat' dir='ltr'>urnis.</span> 
     </span>
     <span class='ocr_line' id='line_1_35' title="bbox 259 2127 1282 2185; baseline 0.006 -20"><span class='ocrx_word' id='word_1_218' title='bbox 259 2127 436 2179; x_wconf 88' lang='lat' dir='ltr'>Dumque</span> <span class='ocrx_word' id='word_1_219' title='bbox 468 2128 522 2167; x_wconf 93' lang='lat' dir='ltr'>ibi</span> <span class='ocrx_word' id='word_1_220' title='bbox 553 2130 748 2180; x_wconf 88' lang='lat' dir='ltr'>perluitur</span> <span class='ocrx_word' id='word_1_221' title='bbox 779 2130 891 2170; x_wconf 90' lang='lat' dir='ltr'>solita</span> <span class='ocrx_word' id='word_1_222' title='bbox 922 2130 1074 2170; x_wconf 88' lang='lat' dir='ltr'>Titania</span> <span class='ocrx_word' id='word_1_223' title='bbox 1105 2130 1282 2185; x_wconf 83' lang='lat' dir='ltr'>lympha,</span> 
     </span>
    </p>

    <p class='ocr_par' dir='ltr' id='par_1_13' title="bbox 258 2185 1177 2241">
     <span class='ocr_line' id='line_1_36' title="bbox 258 2185 1177 2241; baseline 0.005 -17"><span class='ocrx_word' id='word_1_224' title='bbox 258 2185 359 2224; x_wconf 89' lang='lat' dir='ltr'>Ecce</span> <span class='ocrx_word' id='word_1_225' title='bbox 392 2199 514 2238; x_wconf 89' lang='lat' dir='ltr'>nepos</span> <span class='ocrx_word' id='word_1_226' title='bbox 546 2187 679 2227; x_wconf 86' lang='lat' dir='ltr'>Cadmi</span> <span class='ocrx_word' id='word_1_227' title='bbox 711 2188 826 2228; x_wconf 85' lang='lat' dir='ltr'>dilata</span> <span class='ocrx_word' id='word_1_228' title='bbox 856 2194 967 2241; x_wconf 88' lang='lat' dir='ltr'>parte</span> <span class='ocrx_word' id='word_1_229' title='bbox 998 2189 1177 2229; x_wconf 89' lang='lat' dir='ltr'>laborum</span> 
     </span>
    </p>

    <p class='ocr_par' dir='ltr' id='par_1_14' title="bbox 176 2244 1340 2299">
     <span class='ocr_line' id='line_1_37' title="bbox 176 2244 1340 2299; baseline 0.004 -16"><span class='ocrx_word' id='word_1_230' title='bbox 176 2252 238 2284; x_wconf 80' lang='lat'>175</span> <span class='ocrx_word' id='word_1_231' title='bbox 259 2244 335 2283; x_wconf 90' lang='lat' dir='ltr'>Per</span> <span class='ocrx_word' id='word_1_232' title='bbox 361 2257 498 2284; x_wconf 92' lang='lat' dir='ltr'>nemus</span> <span class='ocrx_word' id='word_1_233' title='bbox 530 2247 707 2297; x_wconf 87' lang='lat' dir='ltr'>ignotum</span> <span class='ocrx_word' id='word_1_234' title='bbox 738 2259 816 2286; x_wconf 92' lang='lat' dir='ltr'>non</span> <span class='ocrx_word' id='word_1_235' title='bbox 849 2249 966 2287; x_wconf 90' lang='lat' dir='ltr'>certis</span> <span class='ocrx_word' id='word_1_236' title='bbox 992 2248 1172 2299; x_wconf 87' lang='lat' dir='ltr'>passibus</span> <span class='ocrx_word' id='word_1_237' title='bbox 1203 2260 1340 2288; x_wconf 85' lang='lat' dir='ltr'>errans</span> 
     </span>
    </p>

    <p class='ocr_par' dir='ltr' id='par_1_15' title="bbox 258 2302 1263 2347">
     <span class='ocr_line' id='line_1_38' title="bbox 258 2302 1263 2347; baseline 0.006 -6"><span class='ocrx_word' id='word_1_238' title='bbox 258 2302 442 2342; x_wconf 82' lang='lat' dir='ltr'>Pervenit</span> <span class='ocrx_word' id='word_1_239' title='bbox 472 2304 512 2342; x_wconf 91' lang='lat' dir='ltr'>in</span> <span class='ocrx_word' id='word_1_240' title='bbox 544 2303 704 2344; x_wconf 89' lang='lat' dir='ltr'>lucum:</span> <span class='ocrx_word' id='word_1_241' title='bbox 737 2306 792 2344; x_wconf 91' lang='lat' dir='ltr'>sic</span> <span class='ocrx_word' id='word_1_242' title='bbox 824 2305 933 2346; x_wconf 90' lang='lat' dir='ltr'>illum</span> <span class='ocrx_word' id='word_1_243' title='bbox 960 2306 1034 2345; x_wconf 83' lang='lat' dir='ltr'>sata</span> <span class='ocrx_word' id='word_1_244' title='bbox 1066 2306 1263 2347; x_wconf 84' lang='lat' dir='ltr'>ferebant.</span> 
     </span>
    </p>
   </div>
  </div>
 </body>
</html>
