1538 2496
124 103 208 145 256
276 115 413 138 Annon.
440 115 601 139 rumorum
673 101 910 138 METAMM.

243 213 301 253 Sit
331 213 423 253 licet
454 213 528 251 hoc
560 213 697 263 ingens
716 243 727 264 ‚
761 212 949 263 quicquid
981 215 1152 264 speravit
1183 212 1337 254 Ulixes,

241 272 320 311 lste
352 272 441 311 tulit
468 272 641 323 pretium
673 271 750 310 iam
781 282 887 309 nunc
918 272 1183 322 temptaminis
1214 271 1356 325 huius,

179 339 222 371 20
243 331 328 376 Quo
361 341 451 369 cum
483 331 609 368 victus
643 330 745 380 erit,
777 340 933 368 mecum
965 335 1137 368 certasse
1170 330 1343 370 feretur.

242 391 367 439 Atque
400 400 501 440 ego,
534 389 567 426 si
599 388 721 426 virtus
753 389 793 427 in
825 400 887 427 me
920 387 1143 427 dubitabilis
1176 395 1303 442 esset,

242 447 452 486 Nobilitate
483 451 624 498 potens
658 458 814 499 essem3
845 446 1056 485 Telamone
1089 452 1268 500 creatus,

242 506 394 544 Moenia
427 507 493 556 qui
526 506 618 544 forti
649 505 816 544 Troiana
848 504 921 545 sub
953 504 1121 545 Hercule
1155 507 1281 559 cepit,

241 564 451 615 Litoraque
483 566 642 603 intravit
672 563 842 616 Pagasea
874 563 1016 603 Colcha
1048 566 1202 604 carina.

179 631 221 662 25
241 624 391 662 Aeacus
422 623 514 662 huic
546 628 657 674 pater
688 628 777 676 est,
811 624 878 674 qui
910 625 995 662 iura
1028 622 1234 662 silentibus
1265 623 1345 663 illic

240 681 412 733 Reddit,
443 680 512 720 ubi
543 681 729 720 Aeoliden
763 693 899 721 saxum
930 693 1046 733 grave
1074 681 1268 734 Sisyphon
1300 689 1463 734 urguet,

240 742 395 779 Aeacon
427 742 604 791 agnoscit
635 752 811 780 summus
843 740 1074 792 prolemque
1107 740 1251 780 fatetur

242 799 419 850 Iuppiter
451 810 538 838 esse
570 810 708 838 suam.
754 801 809 838 sic
842 798 888 837 ab
921 798 1010 838 Iove
1044 800 1184 839 tertius
1216 799 1333 840 Aiax.

240 857 322 896 Nec
353 864 483 897 tamen
514 857 611 896 haec
643 859 766 897 series
798 859 839 898 in
871 869 1028 897 causam
1059 859 1214 911 prosit,
1245 858 1404 913 Achivi,

178 925 222 956 30
244 916 286 955 Si
318 916 413 955 mihi
445 928 534 956 cum
566 928 705 967 magno
737 928 816 956 non
849 921 909 956 est
941 918 1160 956 communis
1191 917 1362 957 Achille.

243 975 381 1014 Frater
413 980 526 1027 erat3
558 975 731 1014 fraterna
760 980 882 1028 pet0.
921 975 1014 1027 quid
1047 977 1236 1027 sanguine
1269 981 1402 1016 cretus

243 1033 423 1085 Sisyphio
441 1066 453 1086 ,
485 1034 679 1085 furtisque
712 1039 752 1073 et
782 1033 919 1073 fraude
952 1033 1171 1073 simillimus
1202 1034 1258 1074 illi

242 1092 386 1132 Inserit
416 1092 593 1131 Aeacidis
626 1092 772 1131 alienae
805 1094 962 1131 nomina
993 1090 1156 1144 gentis?

241 1151 299 1190 An
332 1150 436 1202 quod
468 1153 508 1189 in
540 1163 646 1190 arma
676 1153 786 1202 prior
816 1150 1004 1202 nulloque
1036 1150 1109 1190 sub
1142 1151 1270 1191 indice
1303 1153 1414 1204 veni,

178 1217 222 1249 35
242 1210 359 1248 Arma
390 1209 566 1260 neganda
598 1209 694 1248 mihi
712 1207 734 1248 Ῥ
765 1211 974 1261 potiorque
1006 1209 1203 1249 videbitur
1233 1209 1322 1262 ille,

241 1267 384 1307 Ultima
416 1270 483 1319 qui
515 1270 619 1320 cepit
635 1300 647 1321 ‚
680 1268 989 1320 detrectavitque
1021 1269 1156 1308 furore

241 1326 417 1366 Militiam
448 1327 538 1366 ficto
557 1358 569 1379 ,
601 1327 726 1366 donec
758 1327 955 1366 sollertior
985 1328 1061 1367 isto

244 1384 320 1423 Sed
353 1385 427 1424 sibi
458 1385 635 1424 inutilior
666 1386 793 1425 timidi
824 1392 1045 1425 commenta
1075 1387 1220 1426 retexit

242 1443 477 1495 Naupliades
509 1446 656 1496 animi,
688 1446 884 1495 vitataque
917 1446 1035 1484 traxit
1065 1446 1106 1484 in
1139 1442 1280 1484 arma?

177 1510 222 1542 4ο
243 1501 398 1554 Optima
429 1514 524 1541 num
556 1508 681 1542 sumat
701 1534 712 1555 ‚
746 1505 835 1554 quia
867 1515 1023 1542 sumere
1055 1503 1185 1549 noluit,
1212 1501 1325 1543 ulla?

240 1561 321 1600 Nos
346 1561 570 1600 inhonorati
601 1567 641 1600 et
671 1561 784 1600 donis
814 1561 1059 1613 patruelibus
1091 1561 1202 1615 orbi,

243 1619 465 1659 Obtulimus
497 1621 587 1671 quia
618 1631 691 1659 nos
723 1620 770 1659 ad
801 1622 927 1671 prima
957 1620 1162 1674 pericula,
1194 1618 1352 1661 simus?

242 1680 368 1730 Atque
393 1679 543 1717 utinam
570 1685 636 1718 aut
660 1691 777 1718 verus
803 1679 914 1717 furor
933 1678 996 1718 ille
1015 1711 1026 1732 ,
1053 1684 1120 1718 aut
1145 1680 1319 1720 creditus
1340 1686 1445 1720 esset

241 1736 322 1776 Nec
355 1749 486 1776 comes
518 1737 582 1776 hic
612 1736 801 1790 Phrygias
834 1750 1020 1789 umquam
1052 1738 1224 1778 venisset
1255 1739 1302 1778 ad
1334 1751 1444 1780 arces

177 1805 221 1835 45
242 1795 430 1835 Hortator
461 1795 687 1836 scelerum!
720 1808 799 1835 non
831 1801 869 1835 te
887 1828 898 1849 ,
929 1796 1117 1838 Poeantia
1146 1797 1303 1851 proles,

241 1854 473 1906 Expositum
504 1854 673 1894 Lemnos
705 1860 839 1893 nostro
873 1867 964 1894 cum
996 1857 1160 1894 crimine
1191 1855 1378 1896 haberet:

242 1912 318 1958 Qui
349 1925 455 1952 nunc
473 1946 484 1966 ,
516 1920 560 1953 ut
591 1920 839 1966 memorant,
870 1913 1117 1953 silvestribus
1156 1913 1311 1954 abditus
1343 1917 1466 1955 antris

243 1970 342 2010 Saxa
372 1984 505 2011 moves
537 1974 684 2024 gemitu
702 2004 714 2025 ,
745 1971 1049 2024 Laertiadaeque
1079 1975 1256 2024 precaris

242 2029 349 2074 Quae
382 2032 554 2083 meruit,
587 2043 685 2082 quae
705 2062 716 2083 ,
747 2033 781 2071 si
817 2031 857 2070 di
888 2036 1009 2084 sunt,
1040 2043 1120 2070 non
1145 2043 1242 2071 vana
1265 2034 1465 2084 precaris,

179 2095 223 2127 50
242 2086 292 2126 Et
323 2100 429 2127 nunc
460 2089 523 2128 ille
557 2089 693 2128 eadem
725 2089 838 2128 nobis
869 2091 1022 2129 iuratus
1053 2091 1094 2129 in
1125 2102 1255 2143 arma,

241 2145 350 2185 Heu!
381 2158 472 2197 pars
504 2159 581 2186 una
613 2149 757 2188 ducum
775 2180 787 2201 ,
820 2160 896 2200 quo
929 2160 1160 2188 successore
1192 2151 1354 2201 sagittae

240 2203 422 2243 Herculis
454 2211 650 2260 utuntur,
683 2208 834 2246 fractus
865 2206 1083 2259 morboque
1115 2209 1295 2259 fameque

241 2262 477 2314 velaturque
511 2265 705 2317 aliturque
738 2266 872 2305 avibus
891 2298 902 2318 ‚
933 2266 1193 2318 volucresque
1223 2266 1394 2319 petendo

243 2320 378 2359 Debita
411 2321 589 2361 Troianis
622 2330 780 2363 exercet
812 2324 962 2377 spicula
993 2325 1105 2365 fatis.

1457 1713 1468 1734 1
