1518 2501
104 75 218 111 XLIV

1196 148 1217 171 0

103 186 233 225 codice
264 185 366 223 Med.
389 185 523 234 Verg,
554 185 595 222 in
625 183 670 233 L,
702 183 734 220 ei
765 181 937 231 memini,
968 193 1013 219 ac
1043 180 1326 220 recentissimis
1358 181 1436 230 qui·

102 245 255 293 busvis,
293 247 335 282 et
370 244 411 281 in
447 243 660 291 scriptura,
705 242 833 290 qualis
869 240 1086 290 fragmenti
1117 239 1265 288 Guelfi,
1306 240 1442 277 rotun-

104 303 197 340 dum
228 302 326 340 illud
357 314 395 339 m
419 301 596 350 proxime
620 300 736 337 abest
759 311 784 337 a
807 311 856 347 qo,
977 295 1058 336 122
1089 297 1314 336 IMMEMOR
1343 305 1445 348 Es'r,

103 369 222 400 DEUS
255 367 344 398 NEC
376 367 567 398 mmmm
598 366 790 397 MUNERE
822 364 1007 396 menos.
1070 360 1123 395 est
1158 357 1308 395 demum
1337 356 1444 394 libri.

103 431 149 458 ea
185 419 399 468 particula,
444 418 478 456 si
513 417 630 455 modo
668 429 692 455 a
728 416 1045 465 ratiocinatione,
1090 427 1190 464 quae
1233 414 1446 464 antecedit,

101 490 264 527 prorsus
298 477 524 525 separatur,
561 476 693 514 locum
728 475 899 513 fortasse
930 476 1063 512 tamen
1095 474 1241 511 habere
1271 474 1445 523 poterat,

104 536 213 574 velut
254 536 294 573 in
337 534 623 583 meditationis,
673 545 773 583 quae
816 544 1031 582 suppressa
1070 532 1139 581 sit,
1182 531 1444 570 conclusione.

103 594 171 632 sed
208 594 412 631 cuiusnam
449 593 508 631 rei
543 594 798 631 immemorem
841 592 971 629 istunc
1014 591 1211 629 hominem
1251 590 1329 629 dici
1370 603 1443 639 pu·

101 651 301 690 tabimus‘?
350 652 456 689 certe
486 663 565 689 non
597 663 750 700 eorum,
794 662 894 699 quae
924 661 949 688 a
979 650 1079 688 bove
1112 649 1188 687 sibi
1220 649 1301 687 sint
1330 661 1445 698 prae-

102 711 208 760 stita,
239 722 329 748 cum
360 710 554 748 adiciatur
584 710 729 756 dempto
759 709 868 746 modo
895 720 934 756 p.
967 720 1002 746 a.
1009 721 1025 753 ,·
1061 707 1195 756 credo,
1236 707 1445 757 bonorum,

102 780 201 818 quae
238 780 283 807 eo
325 768 477 817 opificio
517 767 594 806 sibi
631 767 861 816 obtigerint.
923 765 1060 815 quidni
1089 766 1216 815 igitur
1246 767 1447 804 immemor

101 828 258 875 fruyum
287 828 457 865 muneris
488 827 528 865 et
557 826 739 874 indiynus
764 836 804 864 eo
834 836 989 863 munere
1019 824 1281 874 intellegatur
1305 824 1445 863 eodem

103 898 238 935 sensu,
282 897 358 934 quo
395 894 425 923 v
445 885 530 923 495
571 883 690 922 Ceres
732 884 990 931 Inyratasque
1031 886 1139 921 vocat
1177 894 1246 922 nee
1286 883 1445 931 fraqam

101 955 256 982 munere
286 945 444 991 cle'gmas;
476 955 551 992 quo
582 943 624 981 in
654 954 816 981 munere
848 942 1037 980 arationis
1069 942 1111 979 et
1135 941 1247 980 bovis
1272 941 1446 980 aratoris

103 1004 273 1051 quantae
305 1003 440 1050 partes
473 1002 564 1051 sint,
594 1001 726 1050 ipsum
751 1000 987 1050 Triptolemi
1016 1012 1160 1038 nomen
1185 1000 1445 1039 demonstrat.

101 1061 159 1098 ita
188 1061 306 1109 plane
338 1060 465 1098 Varro
496 1061 542 1097 R.
573 1073 604 1097 r.
629 1060 670 1097 II
697 1060 735 1109 5,
765 1060 826 1097 hie
855 1060 979 1098 socius
1008 1059 1203 1097 hominum
1231 1060 1275 1097 in
1303 1059 1449 1098 rustico

101 1129 212 1166 opere
250 1122 283 1156 et
314 1118 463 1157 Cereris
498 1119 671 1157 minister
684 1138 738 1143 —
754 1129 830 1165 qua
860 1119 902 1155 in
937 1128 979 1156 re
1018 1118 1122 1156 testis
1151 1115 1299 1167 Attica,
1343 1119 1446 1156 tes-tis

101 1177 390 1225 Peloponnesus.
445 1176 486 1214 id
518 1189 593 1225 quo
631 1176 760 1225 magis
791 1176 990 1226 patescat,
1027 1174 1183 1213 Cereris
1213 1187 1357 1214 nomen
1386 1176 1444 1214 in-

102 1236 206 1285 duxi,
239 1235 430 1284 scriptum
460 1235 644 1273 fortassis
675 1235 788 1280 (Ueiis,-
820 1235 1003 1284 ignotum
1035 1246 1128 1272 sane
1161 1234 1448 1285 grammaticis,

102 1294 170 1343 qui
199 1294 328 1332 Didus
358 1294 458 1332 Imcs
489 1294 653 1332 Maritus
682 1293 833 1331 Eratus
869 1293 1109 1331 mentionem
1145 1293 1312 1340 habent,
1345 1292 1444 1331 Cha-

102 1352 236 1394 risius
265 1352 432 1389 maxime
474 1365 539 1401 pp.
571 1353 623 1390 63
665 1353 718 1390 64
759 1353 840 1389 127
877 1353 971 1389 137.
1032 1351 1184 1389 Deoida
1226 1352 1361 1390 tamen
1403 1353 1448 1390 et

101 1411 266 1449 Deo'iam
295 1411 465 1459 usurpat
485 1409 662 1449 Ovidius.
700 1409 837 1448 dubito
869 1409 980 1459 adeo,
1012 1421 1062 1447 an
1080 1410 1306 1448 Rurieolam
1330 1421 1446 1449 suum

102 1482 138 1507 v.
161 1470 242 1507 125
274 1469 354 1508 levi
384 1469 425 1506 in
451 1481 495 1507 eo
522 1468 752 1517 pronomine
776 1469 1054 1518 inconstantia,
1087 1480 1111 1506 a
1135 1480 1214 1518 qua
1237 1468 1337 1507 alias
1364 1481 1447 1508 non

103 1527 272 1575 alienus,
305 1526 455 1565 Cereris
485 1527 667 1576 intellegi
696 1527 886 1577 voluerit3
924 1538 1017 1564 nam
1046 1538 1184 1570 renov„
1217 1528 1363 1566 condid.
1395 1528 1448 1565 de

102 1586 213 1634 bove,
244 1598 322 1624 non
353 1586 401 1623 de
432 1585 588 1624 domino
615 1585 764 1623 dictum
794 1588 903 1634 puto.
1027 1582 1109 1624 126
1136 1584 1444 1625 CONDIDERAT

102 1651 285 1683 MESSES.
349 1644 420 1682 Tot
460 1645 633 1694 dederat,
676 1655 774 1682 corr.
819 1644 917 1692 Quot
957 1644 1039 1683 ded.
1075 1655 1215 1683 messes
1251 1645 1297 1683 E.
1350 1645 1449 1683 dare

103 1714 240 1741 messes
270 1703 409 1752 ignota
439 1702 538 1741 mihi
567 1702 732 1740 locutio:
763 1703 999 1750 frumen-tum
1030 1703 1196 1741 condunt
1225 1701 1362 1742 Cicero
1392 1703 1444 1742 N.

102 1761 137 1798 d.
164 1769 199 1799 11
226 1762 278 1799 63
315 1762 410 1799 157.
533 1757 615 1800 138
647 1761 748 1799 nihil
778 1761 925 1799 attinet
949 1772 1268 1812 commemorare,
1299 1761 1448 1811 quibus

102 1819 288 1868 periculis
321 1819 626 1868 substantivum,
663 1820 727 1858 cui
757 1820 948 1869 iungatur
977 1821 1092 1870 vesci,
1130 1821 1201 1858 aut
1230 1820 1446 1870 interpola·

102 1878 221 1915 tionis
253 1881 488 1926 argumenta
519 1878 794 1928 quaesiverim.
843 1891 880 1917 v.
903 1879 983 1916 142
994 1880 1152 1919 men
1175 1879 1294 1917 notus
1319 1879 1448 1918 fuisse

102 1936 260 1974 videtur
284 1936 412 1974 Plinio
438 1937 487 1974 N.
507 1937 544 1974 h.
565 1945 650 1975 vm
673 1938 768 1975 180.
888 1934 972 1975 217
1006 1944 1178 1976 MATRIS
1206 1944 1444 1976 cum'rAVI-

102 2002 193 2032 MUS
230 2002 366 2032 ALVO.
426 1997 561 2034 matris
596 1995 852 2034 habitavimus
882 1995 928 2033 E.
984 1999 1160 2034 materna
1189 1996 1446 2035 habitavimus

102 2053 284 2090 meliores
316 2052 481 2091 Heinsii.
613 2051 696 2092 271
730 2062 790 2091 ET
822 2062 915 2092 Aur
948 2062 1043 2093 1M1s
1077 2061 1305 2094 common
1336 2062 1444 2093 TRE-

102 2119 303 2149 Momssus
338 2119 480 2150 olims.
532 2115 566 2150 et
595 2114 763 2160 antiquis
788 2116 868 2151 tam
891 2114 1013 2152 multa
1037 2115 1264 2152 tremeriuus
1287 2113 1334 2153 E.
1377 2125 1446 2153 cm-

102 2171 196 2216 tiqui
226 2172 249 2207 t.
279 2181 328 2207 m.
366 2182 466 2207 unus
499 2169 669 2219 Heinsii,
706 2171 809 2209 unde
840 2172 882 2209 in
917 2171 1124 2221 proecdosi
1154 2171 1341 2210 dederam
1377 2175 1448 2211 aut

103 2229 169 2265 imi
199 2239 328 2265 comm.
478 2224 560 2265 311
595 2236 890 2270 ATHAMANAS.
940 2222 1173 2269 athamantis·
1203 2230 1308 2281 libri,
1339 2231 1451 2270 unde-

104 2285 255 2324 facilius
293 2286 448 2325 elicitur
486 2286 588 2336 quod
626 2287 733 2340 de‘h',
773 2301 891 2338 quam
929 2289 1034 2339 quod
1065 2300 1154 2327 cum
1185 2289 1282 2328 Tan.
1313 2289 1451 2329 Fabi-o
