1518 2501
53 70 104 110 10
259 79 454 104 neucAmon
603 63 816 99 METAMM
827 89 837 99 .

166 177 214 217 Et
246 189 452 229 superesse
486 175 588 214 videt
619 173 666 212 de
699 179 755 212 tot
787 172 900 212 modo
934 172 1089 212 milibus
1121 184 1262 225 unam,

167 237 360 275 Innocuos
394 234 556 286 ambos,
589 232 760 271 cultores
793 233 964 270 numinis
997 231 1155 284 ambos,

167 294 305 333 Nubila
337 294 519 344 disiecit,
552 290 772 341 nimbisque
805 290 985 341 aquilone
1018 291 1178 329 remotis

168 353 215 392 Et
247 352 352 391 caelo
387 357 510 390 terras
542 348 714 388 ostendit
744 354 783 388 et
815 349 971 387 aethera
1004 349 1143 387 terris.

78 420 145 450 330
166 411 245 449 Nec
277 412 394 449 maris
426 410 482 447 ira
514 414 672 460 manet,
704 409 910 459 positoque
942 406 1157 459 tricuspide
1189 405 1266 445 telo

166 469 309 508 Mulcet
341 479 458 518 aquas
490 472 621 506 rector
652 465 808 518 pelagi,
840 477 1036 517 supraque
1068 464 1308 517 profundum

166 528 371 566 Extantem
404 532 519 576 atque
552 536 709 564 umeros
742 526 873 563 innato
906 526 1056 563 murice
1090 529 1238 563 tectum

166 585 395 625 Caeruleum
427 583 589 623 Tritona
622 588 762 636 vocat,
795 583 1044 634 conchaeque
1077 583 1232 621 sonanti

164 644 356 694 Inspirare
389 642 526 695 iubet,
558 642 780 692 fluctusque
813 647 852 680 et
882 641 1042 680 flumina
1073 642 1183 692 signo

78 710 142 742 335
167 703 245 740 lam
276 713 460 740 revocare
494 700 610 739 dato.
650 712 740 739 cava
771 699 913 738 bucina
946 701 1114 738 sumitur
1145 699 1199 738 illi

164 760 352 812 Tortilis,
384 761 423 798 in
456 759 576 798 latum
609 770 707 809 quae
739 758 897 797 turbine
931 759 1073 796 crescit
1104 757 1150 796 ab
1183 759 1284 809 im0‚

162 819 308 857 Bucina
326 849 337 870 ‚
369 829 466 869 quae
500 817 626 856 medio
660 818 840 868 concepit
870 815 937 855 ubi
969 820 1058 855 aera
1088 820 1232 868 ponto,

162 877 292 915 Litora
323 889 416 915 voce
449 877 575 928 replet
605 875 677 915 sub
711 881 877 926 utroque
910 876 1075 914 iacentia
1106 874 1287 914 Phoebo,

163 936 274 974 Tunc
307 947 491 987 quoque,
523 940 567 974 ut
599 946 666 973 ora
697 934 759 972 dei
793 933 943 972 madida
974 935 1146 972 rorantia
1178 932 1296 972 barba

75 1002 142 1034 340
165 993 363 1046 Contigit,
397 999 435 1032 et
466 994 608 1032 cecinit
639 995 766 1032 iussos
799 992 930 1032 inflata
961 998 1168 1044 receptus,

164 1052 353 1091 Omnibus
387 1052 514 1091 audit-a
547 1057 606 1091 est
637 1051 788 1091 telluris
821 1057 860 1091 et
891 1052 1072 1102 aequoris
1104 1050 1244 1103 undis,

161 1110 210 1149 Et
243 1110 383 1161 quibus
417 1116 476 1149 est
507 1110 623 1149 undis
656 1110 814 1162 audita,
847 1111 1023 1149 coercuit
1054 1121 1213 1148 omnes.

166 1169 341 1207 Flumina
374 1168 612 1221 subsidunt,
646 1169 842 1220 collesque
876 1170 982 1207 exire
1016 1168 1220 1207 videntur:

160 1227 239 1266 Iam
271 1239 377 1266 mare
410 1228 501 1266 litus
533 1227 650 1266 habet
667 1259 678 1279 ‚
709 1228 846 1279 plenos
879 1228 981 1278 capit
1013 1227 1144 1266 alveus
1176 1238 1333 1278 amnes,

75 1294 141 1326 345
164 1286 298 1337 Surgit
329 1285 501 1339 humus;
543 1291 728 1325 crescunt
764 1285 847 1324 loca
886 1284 1207 1324 decrescentibus
1246 1285 1383 1324 undis.

162 1344 334 1396 Postque
368 1344 470 1383 diem
502 1344 656 1395 longam
688 1344 831 1384 nudata
865 1345 1065 1384 eacumina
1097 1343 1214 1382 silvae
1256 1354 1273 1369 ⁸

162 1402 385 1442 Ostendunt
403 1435 414 1455 ‚
445 1403 659 1454 limumque
693 1408 829 1442 tenent
860 1404 900 1441 in
933 1402 1070 1441 fronde
1103 1402 1308 1441 relictum.

161 1461 352 1500 Redditus
383 1461 489 1500 orbis
522 1467 634 1501 erat.
674 1473 790 1513 quem
822 1467 1030 1513 postquam
1062 1460 1157 1500 vidit
1188 1462 1344 1500 inanem

161 1519 210 1558 Et
242 1520 433 1559 desolatas
466 1533 581 1572 agere
613 1520 688 1559 alta
720 1520 874 1559 silentia
906 1525 1056 1572 terrim,

75 1586 141 1618 350
162 1578 373 1617 Deucalion
406 1579 575 1618 lacrimis
608 1580 660 1618 ita
691 1578 881 1630 Pyrrham
915 1580 1053 1618 affatur
1086 1578 1260 1618 obortis:

163 1634 208 1675 ‘O
242 1649 384 1690 soror,
416 1650 438 1675 o
473 1639 641 1676 coniunx
660 1669 671 1690 ,
703 1650 725 1675 o
759 1638 901 1676 femina
934 1637 1014 1676 sola
1046 1643 1272 1691 superstes,

163 1695 286 1741 Quam
318 1708 523 1735 commune
557 1696 651 1734 mihi
683 1708 806 1747 genus
839 1702 878 1735 et
907 1696 1096 1748 patruelis
1128 1697 1262 1749 origo,
1455 1700 1496 1785 N

162 1753 307 1792 Deinde
341 1760 452 1794 torus
484 1756 638 1807 iunxit,
671 1767 776 1794 nunc
806 1757 890 1806 ipsa
922 1754 1097 1806 pericula
1128 1756 1320 1806 iungunt:

163 1811 404 1865 Terrarum,
437 1825 706 1865 quascumque
739 1814 871 1853 vident
903 1826 1065 1852 occasus
1098 1819 1138 1853 et
1169 1819 1303 1866 ortus,

76 1877 142 1910 355
164 1869 241 1908 Nos
274 1871 348 1909 duo
382 1871 496 1910 turba
528 1884 694 1912 sumus:
724 1872 900 1923 possedit
932 1876 1262 1924 cempontus.

164 1927 266 1966 Haec
299 1942 453 1981 quoque
487 1930 612 1970 adhuc
644 1932 743 1970 vitae
777 1943 855 1969 non
888 1937 948 1970 est
978 1930 1120 1969 fiducia
1153 1936 1309 1969 nostrae

164 1985 277 2025 Certa
309 1989 429 2027 satis.
468 1994 619 2028 terrent
650 1991 874 2028 etiamnunc
905 1989 1036 2028 nubila
1068 1994 1261 2028 mentem.

165 2044 259 2089 Quis
293 2045 362 2084 tibi
380 2077 391 2098 ,
423 2048 455 2085 si
487 2049 570 2086 sine
603 2060 663 2086 me
697 2049 784 2087 fatis
817 2054 951 2100 erepta
984 2049 1150 2101 fuisses,

162 2103 274 2142 Nunc
306 2105 458 2143 animus
477 2137 487 2157 ‚
520 2106 767 2160 miseranda,
800 2107 901 2145 foret
920 2105 941 2146 ⁴?
973 2119 1050 2158 quo
1092 2106 1172 2145 sola
1204 2108 1386 2146 timorem

75 2167 143 2202 360
163 2161 282 2200 Ferre
315 2162 428 2201 modo
460 2175 596 2214 posses
616 2162 637 2203 ?
669 2177 745 2215 quo
779 2166 1004 2204 consolante
1037 2163 1226 2204 doleres?

162 2219 336 2271 Namque
358 2233 428 2272 ego
447 2253 458 2274 ‚
479 2222 593 2260 crede
616 2223 709 2261 mihi
728 2255 738 2275 ‚
759 2225 792 2262 si
812 2230 849 2263 te
866 2236 1022 2275 quoque
1042 2229 1186 2276 pontus
1201 2223 1386 2277 haberet,

162 2277 217 2318 Te
237 2290 426 2331 sequerer
443 2312 454 2333 ,
482 2282 651 2320 coniunx
670 2313 681 2334 ‚
707 2288 746 2320 et
771 2294 832 2321 me
854 2295 1009 2334 quoque
1035 2287 1180 2334 pontus
1201 2281 1386 2322 haberet.
