1538 2496
91 150 173 191 306
306 160 500 183 MYSCELLUS
637 144 849 179 METAMM
863 171 870 179 .

206 259 331 298 Huius
364 269 471 297 amor
503 267 619 294 curae
639 287 650 308 ,
681 255 803 306 patria
838 253 1085 306 Curibusque
1118 255 1288 308 relictis,

205 318 341 370 Fecit,
372 322 415 355 ut
446 314 631 353 Herculei
662 319 888 365 penetraret
920 313 964 352 ad
998 314 1163 365 hospitis
1195 315 1360 356 urbem.

205 377 316 415 Graia
348 376 436 425 quis
468 372 610 411 Italicis
642 378 778 411 auctor
809 373 1007 423 posuisset
1030 374 1070 411 in
1102 374 1182 412 oris

143 444 184 475 10
204 435 354 474 Moenia
375 464 386 485 ,
418 432 622 483 quaerenti
654 432 710 470 sic
743 443 763 469 e
796 430 1017 470 senioribus
1049 443 1151 470 unus

205 491 368 532 Rettulit
398 490 592 541 indigenis
617 521 627 542 ‚
659 490 803 528 veteris
835 501 912 528 non
945 490 1093 528 inscius
1124 491 1229 531 aevi:

204 549 332 589 ‘Dives
365 549 411 588 ab
444 549 599 588 Oceano
632 547 761 587 bubus
787 547 875 587 Iove
908 553 1023 587 natus
1055 547 1211 587 Hiberis

202 609 332 648 Litora
365 607 467 647 felici
498 608 672 646 tenuisse
706 606 859 646 Lacinia
893 619 1011 646 cursu

202 668 344 707 Fertur
369 699 379 720 ‚
412 672 450 705 et
482 671 658 705 armento
691 671 847 705 teneras
879 671 1035 704 errante
1067 678 1139 718 per
1169 666 1311 706 herbas

141 735 181 766 15
202 727 287 778 Ipse
321 725 478 764 domum
512 726 640 776 magni
672 736 744 763 nec
776 724 969 775 inhospita
1002 730 1103 763 tecta
1136 724 1318 764 Crotonis

200 786 370 824 Intrasse
403 790 442 823 et
473 785 609 834 requie
640 783 798 834 longum
832 782 1024 822 relevasse
1055 782 1252 836 laborem3

201 845 326 895 Atque
358 844 411 882 ita
443 842 648 881 discedens
667 874 678 895 ‚
711 837 853 880 “aevo'
886 841 1029 880 dixisse
1063 838 1266 893 ‘nepotum

201 902 273 941 Hic
298 902 407 940 locus
439 900 548 941 urbis
581 902 656 940 erit
676 897 716 939 .'’
748 901 1020 951 promissaque
1052 912 1142 939 vera
1174 901 1358 941 suerunt.

201 961 297 999 Nam
330 961 403 1000 suit
434 959 614 1011 Argolico
647 964 856 1011 generatus
888 958 1074 997 Alemone
1107 958 1262 1010 quidam

139 1029 182 1060 20
202 1019 392 1071 Myscelos
411 1050 422 1071 ‚
453 1019 558 1057 illius
590 1018 649 1056 dis
682 1019 979 1069 acceptissimus
1012 1019 1117 1056 aevi.

200 1078 314 1117 Hunc
347 1089 466 1130 super
497 1076 729 1116 incumbens
760 1088 942 1127 pressum
974 1077 1160 1128 gravitate
1193 1078 1345 1128 soporis

201 1136 377 1188 Claviger
408 1136 648 1186 alloquitur:
681 1132 857 1186 “patrias
876 1166 887 1186 ‚
918 1146 987 1186 age
1007 1166 1018 1187 ,
1050 1134 1188 1174 desere
1221 1135 1359 1176 sedest

200 1195 245 1249 1,
276 1200 366 1246 pete
399 1194 542 1233 diversi
574 1193 766 1245 lapidosas
799 1192 954 1232 Aesaris
986 1189 1142 1232 undas'’

200 1253 277 1307 Et,
310 1255 385 1292 nisi
416 1254 622 1305 paruerit,
654 1252 774 1291 multa
807 1264 850 1291 ac
882 1251 1091 1291 metuenda
1122 1252 1316 1292 minatur.

137 1321 179 1353 25
200 1313 295 1352 Post
327 1324 369 1351 ea
402 1311 609 1350 discedunt
639 1312 788 1363 pariter
820 1322 1059 1362 somnusque
1093 1310 1292 1362 deusque:

202 1371 337 1422 Surgit
368 1370 614 1410 Alemonides
646 1371 841 1420 tacitaque
874 1371 1047 1408 recentia
1080 1374 1210 1408 mente

200 1430 288 1469 Visa
321 1430 473 1481 refert,
505 1433 729 1480 pugnatque
763 1428 827 1467 diu
862 1429 1056 1467 sententia
1088 1440 1244 1467 secum.

201 1488 357 1528 Numen
390 1487 497 1526 abire
530 1487 666 1526 iubet:
698 1485 909 1538 prohibent
940 1486 1143 1526 discedere
1176 1486 1305 1538 leges,

200 1547 409 1597 Poenaque
442 1557 547 1584 mors
578 1546 703 1597 posita
737 1549 797 1583 est
828 1545 990 1595 patriam
1024 1550 1175 1584 mutare
1207 1545 1350 1584 volenti

137 1614 181 1646 30
202 1605 397 1645 Candidus
430 1604 585 1643 Oceano
619 1603 784 1642 nitidum
817 1609 934 1654 caput
965 1602 1167 1642 abdiderat
1199 1603 1287 1653 Sol,

200 1664 250 1703 Et
276 1669 393 1715 caput
423 1662 616 1702 extulerat
647 1662 877 1701 densissima
911 1661 1108 1700 sidereum
1138 1661 1246 1702 Nox:

202 1722 318 1762 Visus
350 1721 485 1760 adesse
517 1721 620 1760 idern
654 1720 750 1759 deus
783 1726 846 1759 est
877 1719 1090 1771 eademque
1122 1732 1305 1772 monere,

201 1781 279 1834 Et,
311 1781 386 1819 nisi
417 1781 622 1832 paruerit,
654 1779 765 1831 plura
798 1784 837 1818 et
868 1780 1237 1839 gravioraQinari.

200 1840 437 1879 Pertimuit.
475 1839 722 1890 patriumque
756 1837 871 1877 simul
903 1837 1119 1876 transferre
1151 1836 1310 1889 parabat

139 1905 181 1938 35
201 1898 244 1937 In
277 1898 389 1937 sedes
421 1897 621 1949 penetrale
654 1908 802 1949 novas,
833 1897 876 1935 fit
906 1908 1086 1935 murmur
1117 1896 1156 1934 in
1188 1895 1309 1948 urbe,

204 1957 510 2008 Spretarumque
543 1957 670 2007 agitur
701 1955 830 2007 legum
862 1966 953 1994 reus
974 1986 982 1994 .
1021 1960 1143 2005 utque
1174 1960 1330 2006 peracta
1364 1960 1423 1994 est

203 2015 325 2054 Causa
357 2016 494 2068 prior,
527 2016 755 2065 crimenque
794 2018 900 2065 patet
937 2014 1020 2052 sine
1060 2018 1160 2052 teste
1192 2012 1423 2066 probatum,

205 2073 412 2124 Squalidus
444 2074 489 2112 ad
524 2085 689 2125 superos
721 2072 860 2111 tollens
893 2083 985 2110 reus
1018 2083 1086 2111 ora
1117 2083 1333 2122 manusque

205 2129 267 2170 “0
301 2132 364 2170 cui
394 2133 456 2170 ius
488 2131 583 2171 caeli
615 2131 675 2170 his
707 2143 775 2170 sex
810 2131 938 2170 fecere
965 2129 1141 2183 labores,

141 2198 184 2230 40
206 2189 281 2228 Fer
300 2221 311 2242 ,
342 2187 498 2240 precor'
530 2190 659 2241 iuquit
691 2186 849 2241 ‘opeml
883 2200 972 2227 nam
1006 2194 1046 2228 tu
1079 2189 1174 2227 mihi
1206 2189 1379 2228 criminis

1231 2253 1365 2286 auctor
1379 2243 1422 2286 .''

203 2307 286 2346 Mos
319 2311 403 2345 erat
433 2307 616 2358 antiquus
648 2307 770 2346 niveis
803 2307 977 2358 atrisque
1010 2305 1173 2359 lapillis,

203 2364 272 2404 llis
305 2364 487 2404 damnare
519 2377 608 2404 reos
627 2396 638 2418 ,
670 2365 744 2404 illis
776 2364 975 2404 absolvere
1008 2364 1143 2417 culpa.

1532 1216 1538 1234 -,
1527 1080 1538 1201 suum.
