1538 2496
131 106 217 147 220
383 117 489 140 mnas
681 101 896 137 METAMM
908 128 916 136 .

249 215 447 254 Attonitus
479 213 650 252 novitate
682 211 801 263 mali,
834 210 1020 263 divesque
1051 212 1274 264 miserque,

249 274 431 324 Effugere
464 277 572 323 optat
603 282 697 321 opes
729 276 770 308 et
801 281 899 320 quae
931 270 1046 309 modo
1077 276 1265 323 voverat,
1296 270 1399 310 odit.

249 332 368 383 Copia
398 330 504 370 nulla
534 329 676 368 famem
708 328 882 381 relevat3
915 330 999 368 sitis
1031 329 1138 368 ar-ida
1169 334 1306 380 guttur

163 398 229 431 130
249 390 365 441 Urit,
397 394 436 428 et
466 389 591 427 inviso
624 388 789 426 meritus
820 391 1031 438 torquetur
1061 387 1109 426 ab
1141 399 1259 426 auro.

250 448 326 498 [Ad
358 447 588 497 caelumque
619 457 758 484 manus
791 451 830 485 et
861 445 1063 497 splendida
1097 445 1279 485 bracchia
1310 442 1472 496 tollens]
1536 496 1538 501 ,

250 504 320 545 ‘Da
351 506 502 544 veniam
521 536 532 556 ‚
564 503 716 544 Lenaee
747 504 887 556 pater!
919 505 1166 555 peccavimus
1185 502 1211 556 ς’
1243 506 1372 556 inquit

250 562 343 603 ‘Sed
375 565 564 603 miserere
583 595 595 615 ‚
625 575 767 614 precor
785 595 797 616 ,
828 565 1086 614 speciosoque
1119 565 1226 615 eripe
1260 563 1399 602 damno
1415 558 1439 602 .'

247 623 340 662 Mite
373 622 491 662 deum
521 633 667 661 numen
699 621 877 661 Bacchus
908 634 1092 674 peccasse
1124 622 1313 661 fatentem

163 689 228 722 135
249 681 466 733 Restituit,
498 681 669 731 factique
701 680 776 719 fide
809 680 896 719 data
927 692 1091 719 munera
1123 680 1261 720 solvit.

249 738 369 779 ‘Neve
400 739 499 778 male
533 744 664 791 optato
697 751 854 778 maneas
887 739 1131 778 circumlitus
1162 750 1283 791 auro,

247 795 367 837 Vade'
401 799 454 837 ait
485 794 547 836 ‘ad
578 799 729 848 magnis
761 799 934 837 vicinum
967 797 1155 836 Sardibus
1186 808 1364 850 amnem,

247 857 404 908 Perque
435 858 572 908 iugum
603 857 747 895 montis
778 855 1000 895 labentibus
1033 855 1170 895 obvius
1201 855 1318 896 undis

249 915 374 966 Carpe
405 916 506 954 viam
524 946 537 967 ‚
568 914 693 954 donec
725 916 859 954 venias
890 915 938 954 ad
969 914 1142 954 ssuminis
1173 920 1309 967 ortus3

162 982 228 1014 140
250 974 563 1025 Spumigeroque
595 978 708 1013 tuum
739 973 838 1012 sonti
856 1005 867 1026 ‚
900 985 976 1025 qua
1006 973 1201 1025 plurimus
1234 974 1336 1025 exit,

250 1032 383 1072 Subde
415 1037 533 1083 caput
550 1063 561 1083 ,
593 1043 816 1083 corpusque
850 1032 996 1085 simul,
1027 1031 1142 1071 simul
1168 1031 1255 1071 elue
1281 1032 1431 1071 crimen
1447 1026 1475 1070 .'

247 1091 332 1130 Rex
362 1092 492 1130 iussae
524 1090 702 1129 succedit
733 1102 884 1141 aquae.
922 1092 980 1130 vis
1013 1102 1132 1130 aurea
1163 1091 1279 1129 tinxit
1344 1099 1375 1124 f.
1394 1097 1475 1125 clxi-

247 1149 413 1188 Flumen
432 1180 443 1202 ‚
475 1154 517 1188 et
546 1148 717 1188 humano
749 1149 798 1187 de
830 1161 996 1201 corpore
1028 1150 1148 1188 cessit
1177 1150 1218 1187 in
1250 1160 1427 1188 amnem.

250 1207 383 1258 [Nunc
419 1218 576 1259 quoque
606 1209 683 1246 iam
715 1209 858 1246 veteris
890 1214 1077 1259 percepto
1110 1208 1259 1246 semine
1290 1219 1410 1247 venae

163 1274 230 1306 145
249 1267 350 1306 Arva
380 1267 511 1318 rigent
541 1277 635 1305 auro
667 1266 832 1305 madidis
863 1266 1045 1318 pallentia
1076 1265 1223 1317 glaebis
1238 1265 1265 1316 .]

307 1325 376 1363 llle
395 1356 406 1377 ‚
437 1336 604 1376 perosus
636 1337 731 1376 opes
751 1356 762 1378 ,
795 1325 910 1364 silvas
943 1330 983 1365 et
1014 1337 1107 1363 rura
1139 1323 1320 1377 colebat,

249 1384 433 1435 Panaque
465 1384 661 1422 montanis
692 1383 934 1423 habitantem
965 1395 1122 1435 semper
1152 1384 1193 1422 'm
1225 1385 1371 1423 antris.

249 1442 400 1493 Pingue
433 1442 502 1481 sed
533 1443 735 1493 ingenium
766 1444 938 1494 mansit;
969 1444 1258 1494 nocituraque,
1289 1448 1334 1481 ut
1365 1447 1477 1495 ante,

250 1501 404 1540 Rursus
437 1506 550 1540 erant
580 1500 737 1539 domin-o
771 1501 932 1539 stolidae
964 1499 1193 1552 praecordia
1225 1501 1390 1540 mentis.

165 1563 232 1600 150
251 1559 348 1598 Nam
379 1559 480 1598 freta
513 1560 758 1610 prospiciens
789 1559 864 1598 late
898 1561 1000 1610 riget
1030 1559 1177 1598 arduus
1208 1558 1285 1598 alto

252 1618 412 1656 Tmolus
443 1619 484 1656 in
517 1629 713 1670 ascensu,
745 1617 922 1668 clivoque
955 1623 1142 1657 extensus
1174 1621 1345 1669 utroque

253 1676 442 1715 Sardibus
473 1676 565 1715 hinc
583 1707 595 1728 ‚
625 1676 732 1715 illinc
763 1678 893 1727 parvis
924 1677 1061 1715 finitur
1091 1675 1309 1728 Hypaepis.

251 1735 332 1774 Pan
364 1734 419 1773 ibi
451 1734 544 1774 dum
575 1736 723 1773 teneris
754 1731 873 1774 iactat
903 1746 974 1773 sua
1005 1736 1178 1774 carmina
1210 1734 1393 1786 nymphis

251 1793 301 1832 Et
331 1793 414 1832 leve
448 1799 578 1832 cerata
608 1793 832 1833 modulatur
863 1793 1095 1849 harundine
1116 1805 1298 1845 carmen,

167 1859 232 1891 155
253 1853 381 1891 Ausus
413 1851 636 1903 Apollineos
667 1864 761 1903 prae
793 1864 835 1891 se
868 1857 1122 1891 contemnere
1154 1857 1316 1904 cantus»,

254 1910 386 1949 Iudice
418 1910 491 1949 sub
524 1910 660 1949 Tmolo
693 1916 893 1950 certamen
923 1912 1030 1950 venit
1060 1910 1108 1950 ad
1138 1912 1274 1962 inpar.

253 1969 383 2007 Monte
416 1981 487 2007 suo
520 1971 652 2008 senior
684 1969 801 2008 iudex
833 1969 1040 2022 consedit,
1072 1975 1112 2008 et
1142 1981 1258 2008 aures

254 2026 409 2065 Liberat
443 2027 679 2079 arboribus3
712 2040 862 2079 quercu
894 2040 1004 2067 coma
1036 2027 1192 2067 caerula
1223 2033 1375 2067 tantum

256 2085 433 2136 Cingitur
452 2116 463 2137 ,
501 2092 541 2125 et
573 2086 748 2137 pendent
779 2088 929 2125 circum
961 2098 1052 2126 cava
1084 2095 1260 2138 tempora
1291 2085 1478 2137 glandes.

168 2151 234 2183 160
254 2143 368 2193 Isque
401 2143 518 2182 deum
549 2146 704 2196 pecoris
736 2151 917 2196 spectans
950 2142 1005 2184 ‘in
1037 2142 1182 2184 iudice'
1214 2145 1313 2184 dixit

255 2199 383 2240 ‘Nulla
415 2213 523 2240 mora
555 2209 616 2242 est
635 2200 659 2242 .'
698 2203 855 2243 calamis
887 2203 1107 2254 agrestibus
1137 2205 1294 2243 insonat
1321 2203 1411 2243 illex

253 2259 542 2311 Barbaricoque
574 2261 702 2300 Midan
735 2283 790 2290 —
824 2262 957 2302 aderat
988 2274 1076 2301 nam
1108 2262 1210 2301 forte
1242 2263 1398 2301 canenti
1420 2280 1476 2290 —

255 2317 435 2358 Carmine
469 2318 643 2358 delenit.
681 2326 771 2372 post
801 2320 907 2360 hunc
939 2332 1049 2360 sacer
1080 2333 1148 2360 ora
1179 2322 1342 2360 retorsit
