1527 2580
551 125 635 161 Vm
650 154 657 169 ,
685 129 868 162 ³54—48'1
886 153 892 161 .
1026 139 1181 161 eunmon
1307 126 1381 167 161

169 235 271 275 Ecce
303 236 438 275 furens
470 242 604 275 contra
637 249 705 275 sun
738 237 813 276 sata
843 235 1063 288 bipennifer
1094 237 1213 275 Arcas

171 291 330 334 ‘Discite
349 326 360 347 ‚
392 295 571 334 femineis
604 294 695 345 quid
728 295 803 334 tela
835 295 958 334 virilia
989 301 1212 347 praestent,

130 370 135 377 ·
171 352 202 392 O
234 354 395 392 iuvenes
414 385 425 405 ‚
456 355 645 405 operique
678 366 764 392 meo
797 353 998 392 concedite
1019 350 1044 392 1’
1076 353 1172 392 dixit

171 409 274 463 ‘ipsa
304 413 386 451 suis
419 411 509 450 licet
540 411 644 451 hunc
677 411 836 451 Latonia
867 418 1047 464 protegat
1078 414 1218 463 armis,

81 478 148 509 395
171 471 292 509 invita
324 476 453 510 tamen
485 470 590 509 hunc
622 472 789 522 perimet
820 483 904 510 mea
938 471 1073 509 dextra
1106 470 1222 509 Diana
1240 466 1263 508 .'

170 528 275 567 Talia
307 528 555 580 magniloquo
588 529 761 568 tumidus
793 536 1074 568 memoraverat
1105 541 1196 582 ore,

170 588 468 639 Ancipitemque
501 599 618 627 manu
650 588 790 627 tollens
822 595 987 639 utraque
1021 589 1190 627 securim

169 646 370 685 institerat
401 646 531 698 digitis
550 678 561 699 ‚
592 658 738 698 pronos
770 659 985 698 suspensus
1017 648 1055 685 in
1088 652 1219 685 artus.

169 704 346 756 Occupat
377 705 586 744 audentem
605 737 616 757 ,
649 717 802 756 quaque
835 712 895 744 est
927 707 984 744 via
1016 707 1190 756 proxima
1222 704 1324 754 leto,

81 770 148 802 400
170 763 330 802 Summa
362 763 469 802 serus
501 765 677 815 geminos
709 763 852 803 direxit
883 764 929 803 ad
962 765 1119 815 inguina
1151 763 1311 802 dentes.

170 821 349 861 Concidit
381 822 559 861 Ancaeus
578 854 588 874 ,
620 822 910 874 glomerataque
944 824 1130 874 sanguine
1163 821 1284 860 multo

170 879 326 920 Viscera
356 879 462 932 lapsa
486 881 615 920 ssuunt
633 912 643 933 ,
676 881 967 932 madefactaque
999 886 1102 920 terra
1137 892 1275 919 cruore
1309 887 1388 918 est.

171 937 253 978 [bat
283 940 324 978 in
356 938 562 978 adversum
593 939 724 990 proles
756 939 900 978 Ixionis
932 939 1084 978 hostem

169 996 369 1036 Pirithous
387 1028 398 1050 ‚
430 997 552 1036 valida
584 999 763 1049 quatiens
794 997 983 1037 venabula
1015 997 1173 1036 dextra.

77 1063 144 1094 405
171 1056 243 1095 Cui
275 1054 469 1107 ‘procul,'
501 1056 668 1106 Aegides
701 1054 737 1094 ‘o
770 1067 831 1094 me
863 1055 960 1094 mihi
992 1054 1134 1095 carior’
1167 1057 1295 1107 inquit

170 1108 282 1151 ‘Pars
313 1114 463 1152 animae
496 1114 667 1152 consiste
700 1112 837 1153 meae!
869 1112 961 1152 licet
991 1115 1144 1152 eminus
1177 1124 1262 1152 esse

170 1169 384 1210 Fortibus:
415 1171 570 1210 Ancaeo
602 1173 737 1210 nocuit
768 1173 975 1210 temeraria
1006 1173 1130 1210 virtus
1146 1168 1169 1209 .'

170 1228 273 1268 Dixit
291 1261 302 1280 ,
333 1235 373 1268 et
402 1237 532 1268 aerata
564 1231 679 1268 torsit
709 1242 824 1280 grave
857 1229 1017 1282 cuspide
1051 1241 1238 1281 cornum3

170 1286 243 1326 Cui
273 1286 374 1326 bene
407 1287 547 1327 librato
579 1290 736 1339 votique
767 1294 928 1340 potente
960 1289 1093 1327 futuro

82 1353 150 1384 410
171 1345 333 1385 Obstitit
362 1345 514 1398 obstipa
547 1346 757 1386 frondosus
787 1346 835 1385 ab
867 1346 1006 1385 arbore
1039 1358 1191 1385 ramus.

170 1404 275 1443 Misit
305 1410 346 1444 et
375 1404 588 1444 Aesonides
620 1405 790 1444 iaculum
808 1437 819 1458 ,
852 1405 954 1456 quod
988 1416 1101 1444 casus
1132 1404 1178 1443 ab
1210 1403 1274 1443 ino

171 1462 297 1502 Vertit
326 1465 366 1502 in
398 1465 571 1502 inmeriti
602 1464 723 1503 satum
754 1463 960 1516 latrantis,
993 1469 1032 1502 et
1062 1465 1165 1502 inter

171 1520 237 1560 Ilia
269 1523 494 1561 coniectum
525 1521 666 1562 tellure
697 1534 769 1574 per
799 1522 863 1561 ilia
896 1523 1014 1561 fixum
1048 1528 1129 1561 est.

171 1580 220 1619 At
249 1591 389 1620 manus
421 1579 593 1620 Oenidae
625 1582 775 1634 variat,
807 1582 1015 1631 missisque
1048 1579 1199 1620 duabus

84 1646 149 1677 415
171 1637 290 1678 Hasta
320 1640 431 1691 prior
463 1644 567 1678 terra
586 1670 598 1692 ,
630 1640 757 1679 medio
790 1640 899 1678 stetit
929 1639 1049 1678 altera
1082 1644 1215 1690 tergo.

171 1696 252 1735 Nec
271 1709 380 1736 mora
398 1728 409 1749 ,
435 1697 527 1736 dum
548 1699 670 1736 saevit
687 1729 699 1750 ,
725 1697 818 1736 dum
839 1709 1004 1749 corpora
1025 1702 1154 1736 versat
1172 1698 1212 1736 in
1233 1696 1368 1736 orbem
1387 1733 1390 1737 ,

172 1754 491 1807 Stridentemque
523 1768 622 1794 novo
655 1768 833 1808 spumam
865 1768 954 1794 cum
986 1757 1173 1806 sanguine
1207 1755 1357 1807 fundit,

171 1813 351 1853 Vulneris
377 1820 514 1854 auctor
546 1814 685 1867 adest,
716 1814 948 1865 hostemque
979 1815 1108 1853 irritat
1139 1813 1185 1852 ad
1217 1815 1338 1865 iram,

172 1871 460 1924 Splendidaque
492 1872 675 1912 adversos
707 1872 895 1912 venabula
927 1871 1060 1911 condit
1090 1873 1130 1911 in
1162 1883 1315 1911 armos.

83 1938 151 1970 420
172 1931 318 1970 Gaudia
349 1936 544 1971 testantur
575 1933 671 1970 socii
702 1931 871 1970 clamore
902 1930 1098 1982 secundo,

171 1988 459 2041 victricemque
490 1995 630 2042 petunt
660 1990 819 2028 dextrae
851 1991 1089 2040 coniungere
1122 1989 1321 2041 dextram;

171 2048 450 2099 Inmanemque
482 2049 611 2088 serum
642 2048 762 2088 multa
797 2047 935 2087 tellure
966 2049 1157 2087 iacentem

171 2105 357 2146 Mirantes
389 2113 596 2159 spectant,
628 2119 755 2158 neque
787 2106 914 2146 adhuc
945 2107 1173 2158 contingere
1204 2111 1331 2145 tutum

171 2164 267 2204 Esse
298 2171 467 2218 putant,
499 2165 567 2204 sed
600 2165 674 2204 tela
707 2171 836 2204 tamen
868 2177 937 2204 sua
969 2166 1134 2216 quisque
1167 2170 1365 2204 cruentat.

84 2223 258 2275 4251pse
290 2223 389 2275 pede
421 2225 591 2275 inposito
623 2229 740 2275 caput
770 2223 965 2263 exitiabile
995 2224 1163 2276 pressit,

170 2282 297 2333 Atque
328 2283 382 2322 ita
414 2279 540 2321 ‘sume
571 2283 648 2322 mei
680 2282 848 2334 spolium
865 2313 878 2336 ,
909 2281 1129 2335 Nonacria,
1160 2283 1257 2321 iuris
1269 2278 1296 2334 ‚⁹

170 2339 274 2380 Dixit
306 2337 361 2381 ‘et
391 2342 431 2381 in
462 2346 613 2392 partem
645 2342 774 2381 veniat
804 2353 888 2380 mea
920 2341 1042 2392 gloria
1074 2346 1203 2380 tecum
1219 2336 1243 2377 .’

122 2412 233 2439 ovm.
252 2413 299 2439 11.
1068 2411 1105 2441 11
