1527 2580
574 114 642 149 Vll
657 143 665 159 ‚
691 119 896 151 486—559.
1042 129 1170 152 aeacus
1319 120 1392 159 141

182 223 271 264 Dira
303 224 388 265 lues
419 226 476 264 ira
507 225 661 276 populis
694 225 853 265 lunonis
879 227 1035 277 iniquae

181 282 350 336 Incidit,
382 295 521 322 exosae
553 283 675 322 dictas
707 296 726 321 a
758 284 904 335 paelice
936 290 1084 324 terras.

93 349 160 381 ⁶25
182 341 281 381 Dum
313 343 438 381 visum
471 342 633 381 mortale
667 342 839 395 malum,
874 350 1078 395 tantaeque
1110 343 1252 383 latebat

182 400 306 440 Causa
338 412 484 440 nocens
517 400 636 440 cladis
655 433 665 453 ,
698 408 911 452 pugnatum
943 408 1002 441 est
1034 408 1117 441 arte
1149 402 1351 441 medendi.

181 459 352 498 Exitium
384 459 594 511 superabat
624 472 738 511 opem
756 492 767 512 ‚
799 472 897 511 quae
929 462 1028 499 victa
1054 460 1224 500 iacebat.

182 517 380 570 Principio
413 518 563 557 caelum
596 520 720 570 spissa
752 519 914 570 caligine
947 525 1072 558 terras

182 577 359 629 Pressit,
391 583 430 616 et
462 579 618 628 ignavos
651 577 809 616 inclusit
841 577 1021 617 noctibus
1053 584 1207 629 aestus;

95 642 162 674 580
182 635 359 686 Dumque
392 642 530 686 quater
562 637 706 675 iunctis
739 636 905 688 explevit
937 635 1121 675 cornibus
1154 635 1288 675 orbem

181 693 289 732 Luna
308 725 320 746 ,
351 700 490 745 quater
514 694 672 746 plenum
707 701 863 734 tenuata
888 697 1059 734 retexuit
1089 694 1248 746 orbem,

184 751 366 791 Letiferis
398 753 512 792 calidi
544 755 744 804 spirarunt
775 753 930 793 flatibus
962 755 1107 792 austri.

182 811 343 850 Constat
373 817 413 850 et
442 813 482 850 in
515 812 641 851 sontes
675 813 810 852 vitium
843 814 995 851 venisse
1027 812 1236 864 lacusque,

181 868 365 921 Miliaque
397 869 566 910 incultos
598 877 826 921 serpentum
860 871 979 910 multa
1010 883 1081 922 per
1113 883 1226 921 agros

94 934 161 966 535
181 926 345 967 Errasse
377 935 494 979 atque
526 930 607 968 suis
639 929 777 968 ssuvios
809 935 1021 968 temerasse
1054 930 1235 967 venenis.

182 985 319 1038 Strage
339 998 481 1026 canum
499 988 626 1038 primo
646 987 927 1038 volucrumque
948 989 1155 1037 oviumque
1182 986 1399 1038 boumque,

185 1044 307 1096 lnque
341 1045 435 1084 seris
467 1045 587 1084 subiti
619 1045 812 1097 deprensa
844 1047 1017 1097 potentia
1050 1044 1197 1084 morbi.

183 1102 400 1143 Concidere
431 1103 566 1143 infelix
599 1104 744 1143 validos
776 1106 941 1144 miratur
973 1110 1102 1143 arator

182 1161 288 1201 lnter
319 1174 418 1214 opus
449 1167 613 1215 tauros,
645 1163 851 1214 medioque
884 1162 1114 1202 recumbere
1146 1162 1278 1201 sulco.

95 1228 163 1260 540
183 1219 386 1272 hanigeris
417 1220 602 1272 gregibus
635 1220 784 1260 balatus
817 1221 1000 1260 dantibus
1033 1233 1168 1272 aegros

183 1278 331 1331 Sponte
364 1291 433 1318 sua
465 1279 652 1330 lanaeque
685 1279 829 1319 cadunt
861 1285 900 1318 et
931 1291 1096 1331 corpora
1130 1278 1285 1318 tabent.

182 1338 283 1376 Acer
314 1349 440 1388 equus
473 1337 668 1389 quondam
700 1350 938 1389 magnaeque
965 1340 1005 1376 in
1037 1337 1196 1389 pulvere
1229 1337 1350 1375 famae

184 1395 422 1448 [Degenerat
451 1396 626 1449 palmas,
658 1403 913 1447 veterumque
945 1395 1089 1435 oblitus
1120 1394 1332 1445 honorum]

183 1454 240 1493 Ad
271 1466 460 1507 praesepe
493 1456 613 1506 gemit
643 1455 720 1494 leto
754 1457 969 1494 moriturus
1000 1455 1140 1493 inerti.

96 1520 164 1552 545
183 1512 270 1552 Non
301 1525 396 1565 aper
427 1515 543 1552 irasci
575 1515 781 1566 meminit,
812 1525 891 1552 non
922 1513 1042 1552 fidere
1074 1524 1194 1552 cursu

183 1571 334 1624 Cerva,
366 1584 439 1611 nec
470 1573 657 1611 armentis
688 1574 893 1612 incurrere
927 1570 1093 1610 fortibus
1126 1573 1227 1610 ursi.

183 1629 322 1670 Omnia
354 1630 516 1682 languor
549 1630 693 1670 hahet:
725 1630 910 1682 silvisque
942 1631 1123 1681 agrisque
1155 1631 1305 1680 viisque

185 1687 360 1740 Corpora
392 1689 504 1728 foeda
534 1690 692 1729 iacent:
723 1691 909 1728 vitiantur
940 1687 1127 1727 odoribus
1159 1699 1297 1726 aurae.

185 1747 282 1786 Mira
307 1746 446 1798 loquar
465 1779 476 1800 ‚
508 1759 586 1787 non
618 1747 680 1786 illa
712 1759 828 1786 canes
860 1747 1070 1797 avidaeque
1102 1745 1304 1796 volucres,

98 1813 165 1845 550
185 1805 271 1844 Non
304 1807 390 1844 cani
423 1807 586 1857 tetigere
618 1805 730 1858 lupi;
762 1805 907 1856 dilapsa
939 1805 1183 1857 liquescunt,

184 1864 404 1915 Afflatuque
436 1870 581 1904 nocent
611 1870 651 1904 et
681 1870 802 1915 agunt
833 1865 1007 1914 contagia
1039 1863 1136 1902 late.

185 1923 370 1962 Pervenit
399 1923 446 1962 ad
478 1924 643 1962 miseros
675 1922 814 1961 damno
847 1923 1022 1974 graviore
1054 1921 1213 1960 colonos

185 1981 342 2034 Pestis,
374 1987 414 2021 et
443 1983 483 2021 in
515 1994 675 2033 magnae
708 1981 930 2020 dominatur
963 1979 1169 2019 moenibus
1201 1978 1333 2018 urbis.

185 2038 342 2078 Viscera
375 2045 577 2079 torrentur
608 2041 734 2092 primo
753 2071 764 2092 ,
796 2040 1050 2089 flammaeque
1082 2038 1236 2077 latentis

100 2106 166 2138 555
185 2098 378 2137 Indicium
410 2097 531 2137 rubor
563 2104 623 2138 est
653 2104 694 2138 et
723 2098 865 2137 ductus
897 2097 1090 2136 anhelitus
1121 2098 1223 2148 igni.

185 2158 333 2209 Aspera
364 2156 496 2208 lingua
528 2162 681 2209 tumet,
714 2156 934 2208 tepidisque
967 2157 1115 2195 arentia
1147 2156 1271 2194 ventis

186 2215 262 2255 Ora
294 2221 458 2267 patent,
489 2227 686 2266 auraeque
717 2227 854 2266 graves
886 2220 1092 2266 captantur
1123 2213 1230 2253 hiatu

185 2273 271 2313 Non
303 2279 470 2313 stratum
489 2306 499 2326 ,
530 2285 608 2313 non
642 2273 718 2313 ulla
749 2275 828 2325 pati
861 2273 1047 2312 velamina
1078 2279 1265 2324 possunt,

186 2331 291 2372 Dura
322 2333 390 2372 sed
424 2338 529 2372 terra
560 2337 713 2384 ponunt
743 2332 1000 2384 praecordia:
1032 2343 1104 2371 nec
1136 2332 1178 2371 fit
