1527 2580
575 88 608 123 X
623 115 631 131 ‚
659 91 863 123 651-724.
1023 100 1148 123 meme
1303 87 1389 130 215

162 199 426 251 Transibant,
457 204 497 238 et
527 197 793 249 itervlongum
825 199 1075 249 requiescere
1109 199 1251 237 suasit.

163 258 244 298 Illic
275 256 508 298 concubitus
541 258 814 308 intempestiva
847 256 988 308 cupido

77 324 146 356 690
166 316 340 369 Occupat
370 316 641 368 Hippomenen
660 346 671 368 ,
703 327 723 354 a
755 317 914 354 numine
948 316 1100 355 concita
1133 321 1289 354 nostro.

165 374 339 415 Luminis
372 376 501 426 exigui
534 375 662 414 suerat
693 386 815 426 prope
849 374 991 426 templa
1023 385 1229 427 recessus,

167 433 382 485 Speluncae
415 433 551 472 similis
571 464 582 485 ‚
617 433 745 472 nativo
778 434 933 484 pumice
966 439 1118 485 tectuS,

165 491 363 544 Religione
396 504 507 531 sacer
539 493 668 543 prisca
686 522 697 544 ,
731 503 807 542 quo
839 491 959 530 multa
992 491 1174 530 sacerdos

166 550 310 602 Lignea
341 550 562 590 contulerat
593 555 770 589 veterum
804 550 1010 589 simulacra
1043 550 1230 590 deorum.

77 617 145 649 695
166 609 280 649 Hunc
311 611 411 662 init,
444 615 483 648 et
513 610 632 648 vetito
665 614 833 647 temerat
864 610 1032 648 sacraria
1064 608 1233 660 probro.

166 667 283 707 Sacra
315 673 563 707 retorserunt
595 667 759 720 oculos3
792 669 1011 718 turritaque
1043 667 1190 719 Mater,

164 727 222 765 An
256 725 386 778 Stygia
418 732 580 779 sontes,
613 725 831 778 dubitavit,
865 731 1061 777 mergeret
1093 726 1217 764 unda.

163 785 293 824 Poena
325 785 419 823 levis
451 786 531 823 visa
564 791 650 823 est.
690 796 783 836 ergo
816 784 930 823 modo
963 784 1060 824 levia
1093 784 1217 824 fulvae

165 843 269 882 Colla
301 842 414 882 iubae
447 843 596 895 velant,
630 843 739 894 digiti
765 849 978 882 curvantur
1003 844 1043 882 in
1070 855 1247 896 ungues,
1279 852 1306 879 ι.
1325 851 1388 880 οιν.

76 909 144 942 ’100
165 901 221 941 Ex
254 903 400 941 umeris
433 904 530 940 armi
562 902 687 955 fiunt,
718 903 758 940 in
790 907 951 953 pectora
982 907 1107 941 totum

164 960 323 1000 Pondus
355 960 464 1013 abit,
497 972 671 999 summae
704 960 825 999 cauda
856 965 1070 999 verruntur
1101 960 1292 1000 harenae.

163 1019 264 1058 Iram
297 1018 426 1058 vultus
457 1018 576 1058 habet
593 1051 604 1071 ‚
638 1031 710 1070 pro
742 1018 872 1057 verbis
904 1031 1106 1058 murmura
1138 1019 1331 1073 reddunt,

162 1077 238 1116 Pro
272 1077 449 1117 thalamis
482 1077 684 1116 celebrant
714 1077 858 1117 silvas:
891 1077 1053 1128 aliisque
1086 1078 1250 1117 timendi

163 1135 286 1175 Dente
318 1142 504 1188 premunt
535 1136 681 1175 domito
715 1134 894 1187 Cybeleia
927 1136 1037 1174 frena
1067 1136 1224 1176 leones.

75 1202 141 1234 '105
163 1194 242 1233 Hos
270 1201 310 1233 tu
325 1226 336 1246 ‚
368 1206 481 1247 care,
507 1194 602 1233 mihi
629 1206 797 1245 cumque
823 1194 883 1233 his
909 1206 1033 1245 genus
1054 1206 1168 1233 omne
1194 1195 1390 1249 ferarum,

163 1252 275 1299 Quod
304 1265 381 1291 non
409 1259 517 1304 terga
550 1253 693 1306 fugae,
726 1253 794 1291 sed
827 1265 979 1304 pugnae
1011 1259 1172 1304 pectora
1203 1254 1388 1308 praebet,

162 1311 299 1362 Effuge
319 1343 330 1364 ,
362 1323 411 1350 ne
442 1313 568 1350 virtus
602 1317 667 1350 tua
700 1313 750 1350 sit
782 1311 964 1350 damnosa
998 1311 1152 1351 duobus
1166 1308 1206 1351 .''

221 1370 288 1408 Illa
321 1369 479 1421 quidem
510 1371 692 1423 monuit,
723 1371 947 1421 iunctisque
979 1382 1050 1421 per
1082 1374 1171 1409 aera
1203 1373 1336 1423 cygnis

163 1427 298 1479 Carpit
328 1430 433 1468 iter.
473 1428 540 1467 sed
574 1434 651 1468 stat
682 1430 841 1467 monitis
874 1430 1068 1468 contraria
1100 1431 1247 1469 virtus.

75 1495 144 1527 ‘110
163 1486 280 1526 Forte
313 1498 424 1526 suem
456 1486 616 1526 latebris
648 1488 810 1538 vestigia
843 1492 950 1527 certa
981 1489 1107 1526 secuti

161 1545 351 1585 Excivere
383 1557 529 1599 canes,
561 1545 746 1597 silvisque
779 1547 885 1584 exire
917 1552 1119 1597 parantem

162 1603 320 1643 Fixerat
350 1603 508 1655 obliquo
541 1606 694 1644 iuvenis
726 1603 931 1656 Cinyreius
963 1606 1067 1644 ictu.

162 1662 347 1702 Protinus
380 1663 554 1702 excussit
583 1663 710 1714 pando
743 1662 933 1702 venabula
964 1668 1094 1702 rostro

163 1720 359 1772 Sanguine
393 1722 513 1760 tincta
545 1733 616 1760 suo
636 1753 647 1774 ,
678 1720 954 1772 trepidumque
987 1727 1027 1760 et
1058 1726 1139 1760 tuta
1171 1726 1372 1773 petentem

73 1786 141 1819 '115
163 1779 268 1818 Trux
303 1791 396 1831 aper
426 1781 678 1832 insequitur,
711 1785 893 1830 totosque
926 1779 998 1818 sub
1031 1781 1191 1831 inguine
1224 1781 1360 1820 dentes

161 1837 348 1890 Abdidit,
381 1843 420 1878 et
450 1838 553 1877 fulva
584 1837 864 1877 moribundum
896 1839 1033 1877 stravit
1064 1838 1232 1878 harena.

160 1896 279 1936 Vecta
309 1896 385 1936 levi
416 1909 537 1936 curru
570 1897 716 1936 medias
750 1896 939 1948 Cytherea
970 1908 1042 1948 per
1075 1908 1189 1935 auras

162 1954 334 2006 Chytron
367 1955 528 1994 olorinis
560 1955 734 1994 nondum
766 1961 1000 2006 pervenerat
1031 1954 1123 1994 alis:

161 2014 327 2064 Agnovit
357 2013 471 2065 longe
504 2015 693 2065 gemitum
725 2015 930 2053 morient1s
948 2045 960 2067 ‚
992 2019 1032 2052 et
1062 2013 1167 2052 albas

74 2078 142 2110 ‘¹120
163 2071 288 2110 Flexit
320 2083 409 2110 aves
440 2071 561 2111 illuc.
601 2078 722 2123 utque
756 2072 913 2111 aethere
946 2072 1041 2110 vidit
1072 2071 1119 2111 ab
1151 2071 1228 2112 alto

161 2129 389 2169 Exanimem
422 2131 541 2181 inque
575 2142 646 2170 suo
678 2132 889 2170 iactantem
921 2132 1108 2181 sanguine
1142 2142 1311 2183 corpus,

161 2188 355 2240 Desiluit,
386 2190 612 2240 pariterque
647 2190 775 2228 sinum
806 2191 1032 2240 pariterque
1066 2189 1225 2241 capillos

160 2246 308 2298 Rupit,
341 2252 380 2285 et
410 2246 580 2298 indignis
612 2248 809 2298 percussit
838 2254 998 2300 pectora
1027 2247 1188 2300 palmis,

161 2303 386 2357 Questaque
420 2317 509 2345 cum
541 2306 630 2347 satis
664 2303 734 2345 “at
765 2317 843 2345 non
876 2312 1006 2346 tamen
1038 2307 1167 2346 omnia
1198 2305 1320 2346 vestri
