1518 2501
122 62 178 103 30
333 73 516 96 rimi-:Tuon
674 57 889 93 METAMM
902 84 912 94 .

239 172 442 210 Presserat
473 182 540 208 ora
573 180 691 219 vapor
716 189 773 195 —
806 164 946 206 ‘tostos
978 180 1028 206 en
1060 169 1191 219 aspice
1223 170 1377 222 crines,

240 230 362 281 Inque
394 228 518 267 oculis
552 233 703 266 tantum
721 258 733 279 ‚
765 232 917 265 tantum
949 238 1069 277 super
1101 238 1169 265 ora
1201 227 1375 267 favillae.

153 297 218 327 285
238 288 369 327 Hosne
403 287 497 325 mihi
529 287 682 324 fructus
700 316 712 337 ‚
743 284 849 324 hunc
882 285 1096 324 fertilitatis
1127 285 1317 326 honorem

239 347 444 397 Officiique
476 345 602 383 refers
621 374 632 393 ,
665 343 769 394 quod
802 344 944 382 adunci
976 344 1138 382 vulnera
1169 347 1288 384 aratri

238 406 549 454 Rastrorumque
581 403 665 441 fero
698 407 860 453 totoque
893 414 1082 441 exerceor
1113 415 1239 456 anno,

239 463 350 510 Quod
381 463 516 513 pecori
548 461 708 500 frondes
740 461 1002 512 alimentaque
1035 462 1173 514 mitia,
1205 462 1340 514 fruges

237 522 417 561 Humano
449 521 614 572 generi,
647 519 757 558 vobis
790 532 947 570 quoque
982 526 1069 558 tura
1099 519 1317 560 ministro?

150 590 217 621 290
238 581 313 620 Sed
347 586 476 619 tamen
508 581 671 618 exitium
703 579 765 619 sac
795 591 856 618 me
889 580 1082 617 meruisse
1101 610 1113 631 ‚
1145 579 1239 630 quid
1271 581 1423 634 undae,

237 639 339 685 Quid
372 639 517 677 meruit
549 639 670 676 frater
689 635 711 676 Ρ
744 649 815 676 cur
835 637 890 676 illi
922 637 1065 676 tradita
1097 644 1204 676 sorte

237 700 417 749 Aequora
449 697 687 736 decrescunt
719 702 758 734 et
789 695 836 734 ab
869 696 1028 734 aethere
1059 695 1215 747 longius
1241 695 1418 737 absunt?

236 756 385 803 Quodsi
416 768 490 795 nec
521 755 684 807 fratris,
715 767 788 793 nec
820 760 859 793 te
891 766 976 793 mea
1008 756 1132 805 gratia
1151 757 1298 808 tangit,

235 817 284 855 At
315 815 411 854 caeli
442 816 630 853 miserere
663 815 749 852 tui.
789 787 1048 870 circumspice
1080 819 1318 867 utrumque,

148 882 214 913 295
236 874 375 913 Fumat
406 879 576 924 uterque
608 872 723 924 polus
743 903 751 911 .
791 884 889 923 quos
922 873 955 910 si
988 873 1181 912 vitiaverit
1204 874 1327 926 ignis,

236 935 342 972 Atria
374 938 504 971 vestra
535 938 654 970 ruent
673 962 681 970 .
719 930 825 969 Atlas
858 943 906 969 en
938 932 1023 982 ipse
1055 930 1228 984 laborat,

234 991 382 1042 Vixque
416 992 497 1030 suis
528 992 675 1029 umeris
708 990 941 1028 candentem
973 991 1143 1029 sustinet
1173 1002 1306 1029 axem.

236 1050 277 1089 Si
308 1051 437 1103 freta,
463 1051 497 1088 si
528 1055 657 1088 terrae
688 1054 886 1100 pereunt,
919 1050 953 1087 si
984 1050 1092 1099 regia
1124 1048 1244 1101 caeli,

236 1109 278 1147 ln
310 1108 428 1147 chaos
459 1109 665 1158 antiquum
698 1107 977 1146 confundimur
997 1138 1005 1146 .
1045 1108 1153 1158 eripe
1185 1107 1350 1147 ssanunis

147 1176 215 1207 300
237 1167 374 1218 Siquid
406 1166 533 1205 adhuc
566 1172 777 1218 superest,
809 1172 849 1204 et
879 1177 1015 1204 rerum
1053 1165 1215 1205 consule
1247 1178 1423 1206 summae
1439 1165 1461 1206 .'

235 1225 393 1264 Dixerat
423 1225 518 1264 haec
549 1225 712 1264 Tellus:
744 1236 872 1275 neque
906 1225 1011 1263 enim
1042 1223 1211 1263 tolerare
1242 1237 1426 1277 vaporem

235 1284 410 1323 Ulterius
441 1285 570 1335 potuit
601 1296 674 1322 nec
706 1283 838 1321 dicere
870 1283 1012 1336 plura,
1044 1295 1240 1334 suumque

235 1343 400 1382 Rettulit
431 1355 474 1381 os
505 1344 545 1382 in
578 1354 620 1381 se
651 1343 914 1393 propioraque
947 1341 1127 1381 manibus
1158 1348 1291 1382 antra.

234 1404 282 1440 At
312 1408 424 1453 pater
455 1402 703 1452 omnipotens
721 1432 733 1454 ‚
765 1413 930 1452 superos
962 1406 1129 1440 testatus
1160 1406 1201 1440 et
1230 1403 1385 1454 ipsum,

146 1468 214 1500 3¹05
235 1461 311 1506 Qui
344 1460 505 1499 dederat
536 1472 677 1499 currus
697 1491 707 1511 ‚
739 1461 815 1498 nisi
847 1472 961 1510 opem
993 1461 1122 1512 ferat,
1153 1461 1283 1499 omnia
1315 1461 1392 1500 fato

235 1519 447 1558 Interitura
479 1521 619 1571 gravi,
651 1530 841 1557 summam
872 1519 973 1569 petit
1004 1519 1150 1557 arduus
1182 1530 1338 1574 arcem,

234 1577 346 1617 Unde
379 1577 479 1617 solet
508 1578 596 1617 latis
628 1576 753 1616 nubes
784 1578 973 1616 inducere
1004 1579 1148 1629 terriS,

234 1636 345 1675 Unde
377 1641 507 1675 movet
537 1638 708 1675 tonitrus
739 1630 967 1687 vibrataque
1000 1636 1160 1675 fulmina
1191 1637 1330 1677 iactat.

236 1695 312 1734 Sed
344 1707 472 1746 neque
506 1707 602 1746 quas
633 1701 768 1747 posset
799 1697 917 1734 terris
948 1695 1168 1748 inducere,
1199 1695 1325 1734 nubes

148 1763 214 1794 310
235 1754 347 1793 Tunc
379 1754 515 1793 habuit
546 1766 620 1793 nec
652 1766 750 1805 quos
783 1754 890 1792 caelo
917 1754 1163 1806 dimitteret,
1194 1753 1365 1794 imbres.

234 1813 389 1852 Intonat
421 1819 460 1852 et
491 1812 627 1852 dextra
658 1812 843 1851 libratum
874 1812 1023 1851 fulmen
1055 1811 1102 1850 ab
1135 1824 1230 1851 aure

236 1872 339 1910 Misit
370 1873 411 1910 in
443 1873 618 1923 aurigam
648 1873 876 1923 pariterque
909 1873 1115 1922 animaque
1146 1873 1324 1922 rotisque

235 1930 422 1982 Expulit,
454 1936 493 1969 et
524 1933 648 1970 saevis
681 1932 925 1982 compescuit
954 1929 1112 1981 ignibus
1143 1931 1276 1981 ignes.

236 1988 549 2028 Consternantur
581 1991 672 2040 equi
705 1995 744 2028 et
776 1989 875 2028 saltu
907 1991 948 2028 in
981 1990 1178 2027 contraria
1209 1989 1311 2027 facto

147 2056 213 2086 315
236 2047 341 2085 Colla
372 2049 462 2098 iugo
495 2050 669 2099 eripiunt
701 2048 944 2100 abruptaque
976 2047 1059 2086 lora
1090 2047 1340 2099 relinquunt.

235 2106 317 2144 Illic
348 2106 459 2144 frena
490 2108 647 2158 iacent,
678 2107 758 2146 illic
790 2113 947 2146 temone
978 2105 1160 2145 revulsus

235 2166 326 2202 Axis
345 2195 356 2216 ‚
386 2166 427 2203 in
458 2165 530 2203 hac
561 2166 659 2204 radii
691 2167 904 2204 fractarum
934 2172 1045 2217 parte
1077 2172 1277 2218 rotarum,

237 2224 457 2274 Sparsaque
490 2230 582 2262 sunt
612 2224 688 2262 late
720 2225 839 2263 laceri
869 2225 1032 2275 vestigia
1063 2235 1228 2263 currus.

235 2286 285 2320 At
315 2281 516 2321 Phaethon
536 2314 547 2335 ‚
579 2282 718 2322 rutilos
750 2283 904 2323 flamma
933 2281 1146 2336 populante
1179 2282 1359 2337 capillos,
