1538 2496
81 108 167 151 296
247 119 441 143 mmmmm
465 118 552 141 Aves
634 102 847 138 METAMM
862 130 869 137 .

135 241 139 245 Α
201 218 309 257 Dicta
340 216 495 268 placent
525 215 689 265 paucis.
728 214 883 252 numeri
914 214 1072 251 maioris
1104 213 1218 252 amici

200 278 370 315 Acmona
403 274 666 324 corripimus.
706 273 770 310 cui
801 271 1042 322 res-pondere
1073 270 1218 310 volenti

201 334 281 374 Vox
301 335 448 385 pariter
467 332 652 382 vocisque
672 331 733 369 via
753 335 813 368 est
832 336 1013 369 tenuata:
1034 341 1246 381 comaeque
1283 337 1313 365 ι.
1332 345 1423 365 oxu-r.

203 394 245 432 ln
276 392 428 443 plum-as
461 390 636 441 abeunt,
667 389 810 440 plumis
842 400 940 427 nova
972 387 1070 428 colla
1101 393 1289 440 teguntur

113 460 181 492 500
201 452 444 500 Pectoraque
477 454 517 487 et
548 454 733 500 tergum3
766 448 934 486 maiores
964 446 1147 486 bracchia
1177 458 1325 498 pennas

201 510 436 560 Accipiunt,
469 506 670 557 cubitique
702 506 807 545 leves
840 507 1048 545 sinuantur
1079 507 1120 544 in
1152 505 1254 557 alas3

201 568 338 619 Magna
367 566 513 618 pedum
545 566 686 616 digitos
717 576 808 616 pars
840 570 1034 616 occupat:
1071 575 1218 615 oraque
1250 575 1374 603 cornu

202 626 389 665 indurata
420 627 578 676 rigent,
610 624 807 674 finemque
838 624 880 662 in
912 624 1091 662 acumine
1121 628 1296 674 ponunt.

202 685 316 724 Hunc
348 683 476 735 Lycus
495 715 506 735 ,
537 683 643 721 hunc
675 681 761 721 Idas
793 687 834 720 et
859 694 948 721 cum
974 681 1206 720 Rhexenore
1232 680 1428 733 Nycteus,

115 751 182 784 505
203 743 317 782 Hunc
348 744 514 782 miratur
545 741 676 780 Abas:
709 746 750 779 et
779 740 874 779 dum
904 741 1098 779 mirantur
1116 771 1128 791 ,
1159 739 1323 778 eandem

203 803 410 853 Accipiunt
441 801 609 839 faciem.
647 811 916 850 numerusque
949 811 996 837 ex
1027 800 1179 849 agmine
1210 799 1334 837 maior

205 860 391 900 Subvolat
408 891 419 912 ‚
452 864 492 898 et
521 870 652 898 remos
683 858 831 909 plausis
863 857 1118 896 circu-involat
1148 856 1240 896 alis.

205 919 247 958 Si
278 919 483 958 volucrum
516 929 614 969 quae
647 918 698 956 sit
729 916 949 955 subitarum
980 916 1104 954 forma
1122 947 1133 968 ,
1164 916 1359 967 requiris,

204 977 256 1017 Ut
286 989 365 1016 non
398 988 642 1028 cygnorum,
675 977 731 1014 sic
763 974 860 1013 albi-s
890 976 1068 1026 proxima
1100 975 1258 1026 cygnis.

117 1044 186 1076 510
206 1036 277 1075 Vix
309 1035 493 1087 equidem
524 1035 593 1073 has
626 1033 740 1072 sedes
772 1039 811 1072 et
841 1032 992 1085 Iapygis
1025 1032 1132 1071 arida
1162 1032 1289 1071 Dauni

205 1096 306 1134 Arva
337 1106 458 1145 gener
490 1100 606 1132 teneo
640 1093 798 1131 minima
831 1103 920 1130 cum
951 1097 1062 1142 parte
1094 1103 1273 1130 meorum
1288 1087 1312 1129 .'

265 1152 466 1192 Hactenus
500 1150 697 1191 Oenides.
736 1149 909 1188 Venulus
943 1148 1150 1201 Calydonia
1181 1161 1301 1200 regna

206 1212 493 1261 Peucetiosque
527 1211 636 1249 sinus
668 1208 938 1260 Messapiaque
970 1219 1061 1247 arva
1091 1208 1302 1259 relinquit.

206 1270 251 1309 In
283 1269 426 1321 quibus
458 1274 569 1308 antra
600 1267 733 1320 videt,
767 1279 865 1318 quae
897 1266 1018 1306 multa
1050 1266 1183 1306 nubila
1215 1266 1308 1305 silva

119 1336 187 1369 515
207 1329 256 1367 Et
288 1327 438 1367 levibus
470 1328 605 1367 cannis
637 1327 814 1366 nutantia
846 1327 1062 1377 semicaper
1092 1325 1173 1364 Pan

208 1387 320 1426 Nunc
347 1392 483 1425 tenet.
516 1392 555 1425 at
581 1385 748 1436 quodam
775 1390 988 1424 tenuerunt
1014 1389 1192 1436 tempore
1218 1382 1434 1435 nymphae.

208 1446 357 1497 Apulus
389 1445 457 1484 has
489 1444 553 1483 illa
584 1449 717 1495 pastor
749 1445 909 1494 regione
941 1443 1092 1494 fugatas

208 1504 399 1555 Terruit,
429 1509 469 1542 et
499 1504 626 1554 primo
659 1501 788 1540 subita
819 1500 1028 1540 formidine
1059 1502 1203 1540 movit:

209 1562 297 1601 Mox
316 1593 327 1614 ,
359 1561 426 1601 ubi
458 1573 569 1600 mens
601 1560 718 1599 rediit
750 1565 789 1599 et
820 1565 1092 1611 contempsere
1125 1562 1380 1611 sequentem,

121 1629 190 1661 520
211 1621 267 1659 Ad
300 1632 511 1659 numerum
542 1620 659 1657 motis
691 1617 857 1670 pedibus
889 1617 1037 1656 duxere
1070 1617 1256 1656 choreas.

210 1678 410 1730 Improbat
440 1679 509 1717 has
541 1683 704 1729 pastor,
737 1676 917 1727 saltuque
949 1677 1123 1715 imitatus
1155 1676 1301 1727 agresti

210 1737 367 1777 Addidit
398 1736 579 1776 obscenis
612 1736 785 1774 convicia
817 1735 965 1774 rustica
997 1734 1135 1773 dictis:

211 1796 292 1835 Nec
323 1797 434 1847 prius
466 1807 510 1834 os
542 1796 693 1846 tacuit,
733 1805 850 1845 quam
887 1792 1260 1845 guttierondidit
1299 1790 1437 1832 arbor.

212 1854 340 1893 Arbor
373 1856 477 1893 enim
510 1859 599 1892 est:
632 1864 726 1891 suco
759 1852 875 1891 liceat
907 1863 1146 1903 cognoscere
1178 1862 1329 1891 mores.

126 1920 193 1952 525
215 1913 367 1964 Quippe
401 1918 533 1952 notam
564 1911 718 1962 linguae
750 1910 857 1950 bacis
890 1909 1057 1949 oleaster
1089 1911 1230 1948 amaris

213 1971 409 2010 Exhibet:
442 1972 632 2022 asperitas
662 1969 874 2008 verborum
906 1969 1025 2007 cessit
1055 1969 1095 2007 in
1125 1967 1230 2007 illas.
1294 1975 1438 2004 ccxcvi.

273 2029 372 2068 Hinc
405 2029 472 2068 ubi
497 2029 613 2080 legati
644 2028 798 2067 rediere
816 2059 828 2081 ,
860 2032 998 2079 negata
1030 2027 1202 2065 serentes

214 2089 330 2127 Arma
362 2087 496 2127 Aetola
528 2087 631 2140 sibi,
663 2086 799 2126 Rutuli
831 2087 915 2125 sine
945 2084 1094 2124 viribus
1127 2084 1203 2123 illis
1536 2123 1538 2127 Α

214 2146 319 2185 Bella
345 2147 537 2185 instructa
562 2151 706 2197 gerunt
725 2177 733 2184 .
765 2144 1010 2195 multumque
1031 2143 1077 2182 ab
1098 2149 1264 2195 utraque
1285 2143 1438 2182 cruoris
1534 2131 1538 2184 Ι

126 2213 198 2245 530
218 2204 335 2243 Parte
367 2204 510 2243 datur.
549 2205 627 2243 fert
658 2216 750 2243 ecce
782 2202 912 2242 avidas
944 2204 985 2241 in
1016 2203 1131 2254 pinea
1162 2201 1321 2241 Turnus

216 2263 339 2302 Texta
364 2262 498 2314 faces3
531 2264 718 2314 ignesque
746 2263 915 2314 timent,
942 2260 1084 2312 quibus
1110 2259 1215 2299 unda
1239 2260 1439 2311 pepercit.

214 2321 374 2372 Iamque
405 2322 533 2373 picem
566 2327 605 2360 et
637 2332 747 2360 ceras
779 2320 1040 2371 alimentaque
1073 2324 1204 2359 cetera
1233 2318 1411 2357 flammae
