1527 2580
509 108 618 152 XIII,
646 107 847 145 960-X1V
863 136 871 152 ,
898 112 941 143 59
957 135 964 143 .
1081 121 1208 143 senna
1321 109 1406 152 283

182 219 263 259 Nec
296 218 476 259 medeare
509 217 602 257 mihi
635 230 828 270 sanesque
861 218 955 257 haec
986 218 1178 271 vulnera,
1210 219 1373 271 mando,

183 278 357 330 Fineque
391 277 444 316 nil
476 289 574 329 opus
607 284 697 316 est:
729 283 879 329 partem
913 278 1013 316 serat
1044 276 1107 316 illa
1139 277 1279 316 caloris
1294 275 1319 316 ,³

118 344 163 377 26
184 338 232 376 At
264 336 377 376 Circe
409 357 465 364 —
498 347 626 387 neque
659 337 763 375 enim
796 336 961 374 flammis
992 334 1110 374 habet
1141 337 1269 387 aptius
1302 336 1377 375 ulla

181 395 341 434 Talibus
372 396 573 446 ingenium
592 426 603 447 ,
635 406 705 433 seu
738 406 852 433 causa
885 401 946 433 est
975 394 1093 433 huius
1124 396 1164 433 in
1196 396 1303 447 ipsa,

183 454 261 493 Seu
294 453 426 492 Venus
457 453 602 492 indicio
636 453 727 492 facit
758 453 832 492 hoc
865 454 1010 492 offensa
1042 458 1206 505 paterno
1239 474 1295 481 —

181 512 288 552 Talia
320 511 438 551 verba
468 512 621 551 refert:
653 509 808 550 ‘melius
841 523 1053 563 sequerere
1085 511 1281 551 volentem

183 571 470 623 Optantemque
503 569 638 609 eadem
657 602 668 622 ,
700 570 891 622 parilique
924 570 1107 622 cupidine
1140 576 1314 622 captam.

115 637 162 669 30
184 629 332 681 Dignus
364 641 451 668 eras
483 628 587 668 ultro
606 661 617 681 ‚
649 635 806 680 poteras
839 634 1024 680 certeque
1043 660 1054 681 ,
1086 631 1239 680 rogari3

181 687 261 740 Et,
294 689 327 727 si
359 699 468 739 spem
502 687 687 740 dederis,
719 688 814 726 mihi
847 687 963 726 crede
982 719 994 740 ‚
1024 687 1226 738 rogaberis
1258 687 1384 727 ultro.

182 746 269 786 Neu
303 745 459 785 dubites
492 745 670 797 absitque
702 752 791 785 tuae
824 746 962 785 fiducia
996 746 1167 786 formae:

183 804 242 844 En
276 817 347 856 ego
367 837 378 858 ,
411 817 498 844 cum
532 804 602 843 dea
635 806 738 856 sim,
769 805 880 844 nitidi
914 817 1003 844 cum
1034 805 1110 843 filia
1144 804 1269 858 Solis,

183 863 364 903 Carmine
385 875 475 902 cum
494 868 645 902 tantum
665 895 675 915 ‚
701 869 852 902 tantum
873 875 1028 915 quoque
1050 865 1222 915 gramine
1242 865 1409 916 possim,

117 929 162 961 35
183 921 235 962 Ut
264 929 331 961 tua
363 923 438 961 sim
456 953 467 974 ‚
498 934 618 960 voveo
639 953 647 961 .
686 928 940 973 spernentem
971 934 1113 973 sperne
1132 954 1144 974 ‚
1175 925 1355 973 sequenti

183 980 316 1020 Redde
348 982 483 1033 vices,
514 992 673 1031 unoque
705 980 801 1029 duas
832 980 1024 1019 ulciscere
1057 977 1198 1019 sacto?

182 1039 291 1078 Talia
322 1040 529 1090 temptanti
562 1035 704 1090 ‘prius'
737 1040 866 1090 inquit
897 1035 952 1077 ‘in
984 1051 1154 1090 aequore
1187 1037 1362 1078 frondes'

184 1097 354 1137 Glaucus
386 1094 442 1136 ‘et
472 1099 512 1136 in
545 1099 708 1136 summis
741 1103 954 1136 nascentur
984 1097 1184 1136 montibus
1217 1098 1347 1150 algae,

185 1156 340 1208 Sospite
373 1167 488 1207 quam
522 1155 648 1206 Scylla
680 1157 805 1194 nostri
837 1161 1040 1194 mutentur
1072 1168 1224 1195 amores
1239 1153 1264 1195 .'

118 1222 165 1255 40
186 1214 385 1266 Indignata
418 1214 489 1253 dea
521 1220 610 1253 est:
642 1220 681 1253 et
711 1214 866 1252 laedere
900 1208 1092 1265 q'uatenus
1123 1216 1253 1265 ipsum

184 1273 272 1312 Non
302 1278 486 1325 poterat,
518 1284 591 1311 nec
622 1272 740 1311 vellet
771 1285 902 1311 amans
921 1304 932 1326 ‚
963 1274 1147 1312 irascitur
1179 1273 1257 1325 illi,

185 1332 292 1378 Quae
326 1331 402 1370 sibi
432 1331 604 1383 praelata
635 1336 724 1370 est:
756 1330 997 1382 Venerisque
1030 1332 1177 1370 offensa
1209 1331 1389 1384 repulsa,

182 1390 370 1430 Protinus
401 1389 611 1429 horrendis
642 1390 800 1428 infamia
832 1389 972 1441 pabula
1005 1392 1110 1429 sucis

185 1448 363 1488 Conterit
393 1454 434 1488 et
463 1449 568 1487 tritis
600 1447 783 1487 Hecateia
817 1449 988 1487 carmina
1019 1450 1177 1501 miscet,

117 1514 165 1547 45
185 1506 429 1559 Caerulaque
461 1506 639 1546 induitur
671 1506 859 1545 velamina
879 1539 890 1560 ‚
921 1519 1070 1558 perque
1103 1507 1277 1547 serarum

183 1566 332 1618 Agmen
363 1564 588 1604 adulantum
621 1565 748 1604 media
779 1565 958 1617 procedit
989 1565 1035 1604 ab
1068 1565 1176 1618 aula,

185 1624 499 1676 Oppositumque
530 1629 670 1675 petens
703 1630 841 1662 contra
872 1623 1048 1663 Zancleia
1080 1636 1170 1662 saxa

185 1682 395 1735 Rhegion,
427 1681 648 1734 ingreditur
681 1682 880 1721 ferventes
912 1681 1085 1721 aestibus
1116 1682 1267 1736 undas,

186 1741 230 1780 ln
262 1740 406 1792 quibus
437 1747 482 1780 ut
513 1740 634 1779 solida
665 1742 776 1792 ponit
805 1742 970 1791 vestigia
1001 1746 1131 1793 terra,

118 1806 167 1840 50
187 1799 425 1851 Summaque
458 1799 634 1838 decurrit
663 1798 830 1850 pedibus
863 1811 982 1850 super
1014 1810 1183 1850 aequora
1217 1800 1353 1839 siccis.

185 1858 335 1897 Parvus
368 1863 452 1897 erat
483 1870 626 1909 gurges
645 1889 656 1910 ‚
689 1869 830 1896 curvos
863 1859 1041 1897 sinuatus
1073 1860 1114 1896 in
1145 1869 1284 1910 arcus,

187 1917 304 1956 Grata
336 1918 448 1968 quies
482 1916 661 1968 Scyllae:
693 1928 770 1967 quo
804 1928 846 1955 se
878 1915 1075 1955 referebat
1106 1915 1154 1955 ab
1186 1923 1296 1956 aestu

186 1974 237 2014 Et
267 1977 387 2014 maris
419 1980 459 2014 et
490 1975 616 2026 caeli,
649 1974 778 2014 medio
811 1986 901 2013 cum
933 1975 1128 2025 plurimus
1159 1975 1255 2014 orbe

189 2033 255 2072 Sol
287 2039 371 2072 erat
402 2039 442 2072 et
473 2035 653 2072 minimas
680 2045 699 2071 a
731 2035 877 2072 vertice
912 2034 1060 2072 fecerat
1090 2032 1272 2073 umbras.

119 2097 166 2131 55
187 2091 301 2131 Hunc
333 2091 404 2130 dea
436 2093 669 2145 praevitiat,
700 2092 1038 2143 portentificisque
1071 2094 1232 2131 venenis

187 2150 400 2202 inquinat:
432 2150 496 2189 hic
526 2150 636 2189 fusos
667 2150 803 2189 latices
835 2150 965 2190 radice
997 2152 1155 2190 nocenti

188 2208 347 2260 Spargit
364 2240 375 2261 ‚
407 2214 447 2248 et
478 2207 691 2247 obscurum
723 2208 932 2248 verborum
965 2208 1124 2261 ambage
1157 2222 1347 2250 novorum

187 2266 268 2306 Ter
299 2269 461 2306 noviens
493 2278 650 2306 carmen
683 2269 832 2319 magico
865 2267 1136 2307 demurmurat
1167 2281 1259 2308 ore.

190 2324 317 2378 Scylla
348 2327 483 2366 venit:
513 2325 718 2378 mediaque
751 2333 865 2366 tenus
898 2327 1154 2366 descenderat
1185 2327 1292 2380 alvo,
