1538 2496
118 114 202 156 226
369 124 497 148 Pennus
669 109 884 145 METAMM
897 136 905 144 .

294 223 401 270 Quae
434 221 525 261 dum
557 219 741 259 Lucifero
773 220 928 270 genitus
961 219 1146 260 miracula
1177 231 1310 259 narrat

235 282 289 321 De
322 286 504 320 consorte
537 290 609 318 suo
626 309 638 331 ,
670 290 789 317 cursu
823 278 990 317 festinus
1022 278 1161 317 anhelo

236 340 397 379 Advolat
428 338 595 376 armenti
627 342 761 377 custos
793 336 972 375 Phoceus
1005 337 1176 390 Auctor,

235 398 285 438 Et
318 396 451 436 ‘Peleu
470 428 481 450 ‚
512 394 661 435 Peleu!
694 407 855 446 magnae
887 395 959 434 tibi
991 397 1153 434 nuntius
1185 395 1322 435 adsum

148 466 215 498 350
237 452 379 495 Cladis'
412 457 493 494 ait.
535 454 810 506 quodcumque
843 454 943 492 serat
961 486 972 506 ,
1003 453 1114 493 iubet
1145 453 1261 494 edere
1293 453 1457 494 Peleus.
1520 481 1529 506 ζ

234 515 384 554 Pendet
415 519 455 553 et
485 515 569 565 ipse
602 519 709 552 metu
742 512 885 564 trepidi
916 512 1151 552 Trachinius
1183 514 1286 553 oris.
1525 519 1538 566 l„

234 573 300 612 Ille
333 573 484 612 refert:
518 569 658 611 ‘fessos
691 571 738 610 ad
769 571 884 611 litora
915 583 1035 618 curva
1065 573 1251 611 iuvencos

234 631 470 683 Appuleram
488 661 500 683 ,
531 630 659 670 medio
693 642 782 670 cum
816 629 882 669 Sol
914 630 1127 669 altissimus
1159 629 1255 670 orbe

235 691 403 729 Tantum
434 691 681 742 respiceret,
713 695 904 741 quantum
935 700 1144 740 superesse
1176 689 1349 741 videret3

148 757 213 789 355
235 749 408 800 Parsque
440 747 560 787 boum
592 748 706 787 fulvis
739 759 865 799 genua
896 747 1104 787 inclinarat
1134 747 1315 800 harenis,

234 807 496 858 Latarumque
528 808 659 846 iacens
692 818 850 858 campos
882 805 1083 857 spectabat
1114 818 1326 858 aquarum,

233 866 329 905 Pars
360 865 546 918 gradihus
577 866 699 905 tardis
730 864 823 904 illuc
855 864 1011 904 errabat
1041 870 1082 904 et
1111 864 1228 918 illuc,

234 925 336 963 Nant
367 924 431 963 alii
463 924 646 975 celsoque
677 925 825 963 instant
856 935 976 974 super
1007 935 1178 975 aequora
1210 923 1331 963 collo.

234 983 394 1035 Templa
431 984 529 1022 mari
569 982 738 1022 subsunt
768 986 1067 1021 nec'marmore
1100 982 1204 1021 clara
1234 995 1307 1022 nec
1339 994 1458 1035 auro,

146 1051 213 1082 360
236 1042 312 1081 Sed
343 1041 520 1080 trabibus
553 1041 684 1080 densis
716 1041 883 1092 lucoque
916 1040 1101 1080 umbrosa
1132 1046 1310 1082 vetusto:

234 1100 422 1140 Nereides
454 1099 685 1151 Nereusque
718 1106 882 1152 tenent3
914 1099 985 1138 hos
1018 1102 1145 1139 navita
1175 1102 1288 1152 ponti

234 1159 365 1198 Edidit
397 1171 482 1198 esse
516 1159 639 1211 deos,
671 1158 764 1197 dum
796 1159 895 1197 retia
926 1158 1039 1197 litore
1073 1159 1216 1198 siccat.

233 1218 370 1257 Iuncta
400 1217 511 1269 palus
543 1217 635 1256 huic
668 1223 757 1269 est,
789 1216 921 1255 densis
954 1216 1114 1256 obsessa
1145 1217 1313 1271 salictis,

235 1277 359 1322 Quam
390 1277 652 1327 restagnantis
684 1276 778 1314 fecit
809 1276 927 1314 maris
958 1275 1062 1315 unda
1092 1275 1296 1327 paludem.

147 1344 213 1375 365
234 1335 327 1374 Inde
360 1336 514 1386 fragore
545 1336 654 1385 gravi
686 1336 874 1385 strepitus
906 1334 990 1373 loca
1020 1336 1198 1386 proxima
1229 1341 1375 1389 terret3

233 1394 353 1433 Belua
383 1399 490 1432 vasta
508 1425 519 1446 ‚
550 1393 667 1444 lupus
698 1395 902 1444 mucisque
933 1393 1177 1444 palustribus
1208 1396 1288 1434 exit

235 1452 389 1491 Oblitus
420 1458 460 1491 et
492 1453 671 1504 spumis,
703 1464 915 1503 exspersus
947 1453 1137 1503 sanguine
1168 1453 1293 1493 rictus

233 1511 457 1551 Fulmineos
476 1542 487 1563 ,
519 1510 640 1549 rubra
671 1511 845 1549 suffusus
877 1510 1024 1549 lumina
1054 1510 1230 1550 flamma.

235 1570 310 1616 Qui
343 1581 577 1621 quamquam
609 1570 730 1608 saevit
760 1571 908 1620 pariter
940 1569 1126 1620 rabieque
1159 1569 1363 1624 iameqne,

147 1639 213 1672 370
233 1630 370 1668 Acrior
403 1634 464 1667 est
494 1627 630 1666 rabie.
668 1639 796 1678 neque
829 1628 933 1666 enim
963 1629 1109 1667 ieiunia
1141 1635 1252 1669 curat

235 1688 360 1728 Caede
392 1686 512 1726 boum
544 1686 746 1737 diramque
779 1686 921 1725 samem
951 1686 1064 1725 finire
1083 1719 1095 1738 ,
1126 1687 1195 1726 sed
1226 1700 1340 1728 omne

235 1747 421 1786 Vulnerat
451 1752 672 1785 armentum
690 1777 701 1797 ‚
733 1746 953 1796 sternitque
984 1744 1182 1785 hostiliter
1214 1759 1351 1787 omne.

234 1807 330 1845 Pars
363 1817 519 1857 quoque
552 1804 599 1843 de
631 1803 744 1843 nohis
776 1804 932 1843 funesto
965 1805 1099 1843 saueia
1126 1816 1285 1858 morsu,

235 1865 335 1904 Dum
367 1864 616 1903 defensamus
635 1895 646 1916 ,
677 1862 756 1902 leto
789 1868 850 1902 est
881 1862 969 1902 data
989 1893 998 1902 .
1036 1866 1227 1915 sanguine
1258 1864 1350 1905 litus

149 1933 213 1965 375
238 1924 422 1975 Undaque
454 1924 581 1974 prima
611 1921 729 1961 rubet
759 1921 1058 1973 demugitaeque
1090 1921 1274 1974 paludes.

237 1982 312 2021 Sed
346 1993 454 2021 mora
485 1981 670 2020 damnosa
702 1986 790 2033 est,
822 1992 895 2019 nec
926 1992 991 2019 res
1023 1980 1202 2021 dubi-tare
1234 1984 1417 2023 remittit.

236 2041 335 2079 Dum
369 2046 549 2092 superest
580 2039 724 2091 aliquid
743 2071 755 2092 ‚
786 2041 919 2078 cuncti
951 2050 1134 2079 coeamus
1152 2072 1164 2094 ,
1195 2047 1235 2080 et
1265 2053 1394 2094 arma,

236 2102 352 2139 Arma
383 2111 631 2151 capessamus
649 2130 660 2151 ,
692 2099 980 2149 coniunctaque
1010 2098 1088 2138 tela
1119 2098 1330 2140 feramus?

236 2160 394 2198 Dixerat
425 2160 617 2208 agrestis.
656 2170 730 2197 nec
760 2156 876 2197 Pelea
908 2157 1047 2197 damna
1077 2158 1307 2199 movebant:

150 2227 216 2258 aso
239 2218 315 2257 Sed
334 2249 345 2270 ,
377 2229 527 2255 memor
560 2218 748 2270 admissi,
779 2216 947 2255 Nereida
980 2216 1126 2268 colligit
1158 2217 1320 2256 orbam.

236 2277 382 2315 Damna
414 2288 482 2314 sua
514 2277 674 2316 inferias
707 2278 881 2316 extincto
914 2278 1070 2315 mittere
1102 2275 1258 2315 Phoco.
1289 2313 1294 2316 .

238 2336 404 2375 induere
436 2346 542 2373 arma
571 2337 674 2374 viros
706 2337 952 2388 violentaque
984 2347 1141 2384 sumere
1172 2334 1248 2374 tela
