1554 2506
119 90 198 130 116
384 102 476 125 neu
662 87 876 122 METAMM
891 114 899 123 .

143 208 210 239 335
231 200 312 239 Illic
343 199 574 239 incumbens
607 211 696 237 cum
728 197 892 237 Palladis
925 198 1064 237 arbore
1097 198 1244 250 palmae

231 259 362 298 Edidit
393 260 512 297 invita
544 258 720 308 geminos
753 256 898 296 LAtona
931 269 1119 296 noverca.

230 317 330 356 Hinc
363 328 518 368 quoque
550 315 740 354 Iunonem
773 316 918 367 fugisse
950 327 1146 367 puerpera
1178 316 1303 355 fertur

230 376 352 427 Inque
385 387 455 414 suo
488 380 667 425 portasse
700 375 788 413 sinu
807 406 818 427 ,
850 374 927 414 duo
959 376 1120 414 numina
1139 406 1149 425 ,
1181 380 1314 414 natos.

230 434 267 473 la
313 446 386 485 que
421 433 722 472 Chimaeriferae
742 465 753 486 ,
785 445 874 472 cum
907 433 964 472 sol
996 435 1122 484 gravis
1154 440 1289 472 ureret
1314 445 1426 485 arva,

143 501 209 532 340
230 493 272 531 Fi
303 493 391 531 ibus
423 494 463 530 in
494 490 633 543 Lyciae
664 491 778 544 longo
811 491 882 530 dea
914 493 1016 531 fessa
1047 491 1180 531 labore

230 551 391 590 Sidereo
425 552 569 589 siccata
600 551 705 590 sitim
738 550 894 602 collegit
925 550 971 590 ab
1004 557 1138 590 aestu:

229 610 435 660 Uberaque
467 608 672 648 ebiberant
703 609 803 649 avidi
833 609 1015 649 lactantia
1046 611 1150 648 nati.

228 668 344 707 Forte
376 668 504 707 lacum
535 668 745 707 mediocris
777 680 899 719 aquae
931 670 1135 720 prospexit
1166 669 1204 707 in
1239 670 1324 707 imis

228 726 429 766 Vallibus:
462 734 635 777 agrestes
667 726 746 766 illic
765 726 967 766 'fruticosa
998 726 1180 777 legebant

141 793 207 825 345
227 785 377 824 Vimina
410 798 499 824 cum
531 786 658 824 iuncis
690 791 918 836 gratamque
949 784 1156 837 paludibus
1190 784 1336 824 ulvam.

227 846 432 897 Accessit,
462 846 670 896 positoque
702 856 805 895 genu
838 843 991 883 Titania
1023 850 1167 883 terram

226 903 405 955 Pressit,
438 909 482 941 ut
511 903 688 942 hauriret
718 902 866 954 gelidos
898 908 1039 954 potura
1069 902 1266 954 liquores.

228 962 388 1001 Rustica
422 961 536 1000 turba
567 968 726 1001 vetant.
765 962 837 1001 dea
869 963 925 1001 sic
957 962 1069 1000 affata
1101 967 1301 1000 vetantes:

227 1018 375 1067 “‘Quid
398 1020 615 1072 prohibetis
636 1021 746 1071 aquis
760 1018 781 1059 ?
801 1032 896 1059 usus
917 1021 1136 1059 communis
1156 1031 1346 1071 aquarum
1367 1025 1446 1058 est.

140 1087 207 1119 350
226 1080 307 1118 Nec
339 1079 461 1118 solem
492 1081 698 1130 proprium
730 1085 868 1118 natura
901 1091 974 1118 nec
1006 1082 1095 1118 aera
1127 1079 1221 1118 fecit

226 1138 307 1177 Nec
338 1144 479 1177 tenues
510 1138 665 1177 undas:
697 1137 742 1176 ad
775 1137 929 1189 publica
962 1149 1125 1176 munera
1156 1138 1267 1189 veni,

227 1197 334 1243 Quae
367 1202 496 1235 tamen
529 1203 574 1235 ut
593 1196 693 1235 detis
712 1228 723 1248 ‚
756 1196 917 1248 supplex
939 1203 1031 1247 peto
1052 1227 1060 1235 .
1099 1208 1177 1235 non
1199 1208 1270 1247 ego
1293 1201 1448 1235 nostros

226 1255 395 1294 Abluere
427 1255 490 1294 hic
517 1261 624 1294 artus
657 1254 874 1306 lassataque
907 1254 1082 1294 membra
1113 1254 1320 1306 parabam,

227 1314 304 1353 Sed
336 1314 510 1353 relevare
542 1315 675 1352 sitim.
715 1320 823 1352 caret
854 1326 897 1352 os
929 1325 1067 1353 umore
1098 1313 1296 1365 loquentis

139 1381 204 1413 355
226 1373 276 1412 Et
308 1373 440 1412 fauces
472 1380 584 1411 arent
602 1404 613 1424 ‚
644 1374 784 1423 vixque
818 1378 878 1412 est
908 1373 968 1412 via
999 1373 1106 1411 vocis
1136 1374 1177 1411 in
1208 1371 1307 1412 illis.

227 1432 397 1471 Haustus
429 1443 550 1482 aquae
583 1431 676 1469 mihi
708 1437 844 1470 nectar
875 1433 979 1483 erit,
1011 1432 1207 1482 vitamque
1240 1429 1390 1470 fatebor

226 1492 433 1542 Accepisse
466 1489 611 1529 simul:
642 1491 760 1529 vitam
792 1489 978 1528 dederitis
1010 1491 1050 1528 in
1082 1489 1207 1528 unda.

226 1550 274 1588 Hi
306 1561 462 1600 quoque
494 1561 562 1587 vos
582 1554 790 1601 moveant,
823 1550 890 1599 qui
921 1554 1056 1587 nostro
1076 1547 1258 1587 bracchia
1283 1547 1449 1587 tendunt

225 1609 347 1647 Parva
379 1609 466 1646 sinu
489 1604 547 1646 .'''
580 1614 619 1645 et
650 1619 743 1646 casu
776 1606 989 1646 tendebant
1019 1606 1201 1646 bracchia
1233 1608 1336 1646 nati.

138 1676 205 1707 360
227 1667 352 1712 Quem
385 1678 463 1705 non
495 1665 634 1705 blanda
666 1666 760 1705 deae
792 1667 1015 1717 potuissent
1045 1665 1161 1705 verba
1194 1663 1386 1705 movere?

226 1726 274 1765 Hi
307 1732 435 1764 tamen
468 1730 644 1764 orantem
675 1730 853 1776 perstant
883 1724 1094 1776 prohibere
1112 1756 1125 1777 ‚
1155 1726 1382 1776 minasque,

227 1785 274 1823 Ni
307 1784 445 1836 procul
477 1783 688 1835 abscedat,
721 1785 975 1834 conviciaque
1007 1785 1171 1835 insuper
1202 1782 1371 1822 addunt.

225 1843 306 1882 Nec
339 1844 432 1881 satis
465 1849 552 1894 est,
583 1844 690 1895 ipsos
723 1844 839 1881 etiam
869 1841 1115 1894 pedibusque
1146 1853 1342 1894 manuque

226 1901 450 1941 Turbavere
483 1901 590 1940 lacus
609 1933 620 1954 ‚
652 1903 808 1952 imoque
841 1913 862 1939 e
894 1900 1236 1952 gurgitewollem

138 1968 205 2000 365
226 1960 312 1999 Huc.
343 1960 436 1999 illuc
468 1960 603 1999 limum
636 1959 736 1999 saltu
767 1971 926 1999 movere
957 1959 1148 2010 maligno.

227 2018 384 2057 Distulit
413 2021 471 2058 ira
504 2020 638 2058 sitim:
670 2031 797 2069 neque
829 2019 933 2057 enim
964 2020 1041 2058 iam
1073 2018 1149 2057 filia
1181 2017 1274 2057 Coei

227 2077 430 2128 Supplicat
459 2077 629 2129 indignis
648 2110 658 2129 ‚
691 2089 764 2116 nec
795 2077 926 2116 dicere
959 2078 1129 2116 sustinet
1160 2076 1262 2116 ultra

226 2135 351 2174 Verba
384 2137 535 2175 minora
566 2136 668 2188 dea;
700 2135 921 2187 tollensque
953 2136 999 2174 ad
1031 2135 1160 2175 sidera
1192 2135 1338 2186 palmas

227 2191 491 2233 “‘Aeternum
524 2192 676 2245 stagno’
709 2194 806 2234 dixit
837 2192 987 2233 ‘vivatis
1019 2196 1060 2234 in
1091 2195 1167 2233 isto
1181 2190 1238 2232 .'”

138 2261 206 2294 3⁷0
220 2252 419 2292 Eveniunt
449 2260 579 2304 optata
612 2253 735 2292 deae.
774 2255 879 2292 iuvat
911 2265 997 2292 esse
1029 2252 1103 2292 sub
1135 2251 1274 2303 undis,
1335 2262 1360 2287 ι.
1385 2260 1447 2285 xci.

226 2311 275 2351 Et
306 2311 420 2352 modo
456 2317 533 2350 tota
566 2323 654 2350 cava
689 2310 943 2363 submergere
976 2310 1151 2352 membra
1182 2311 1347 2363 palude,
