1554 2506
147 57 202 99 56
404 69 491 91 zeno
695 52 906 89 METAMM
920 80 930 89 .

263 165 426 205 Fecerat
456 165 529 203 hoc
561 163 656 202 luno
675 194 686 215 ,
719 163 836 215 quia,
869 173 958 201 cum
990 161 1232 214 deprendere
1264 170 1397 215 posset

265 224 361 263 Cum
387 223 475 262 love
507 233 621 273 saepe
654 232 725 259 suo
757 219 945 272 nymphas
976 221 1016 260 in
1047 226 1179 260 monte
1210 222 1403 274 iacentes,

263 282 329 321 Illa
362 282 471 320 deam
502 280 616 330 longo
648 277 822 330 prudens
853 290 1034 318 sermone
1066 278 1246 332 tenebat,

176 349 241 380 365
263 340 362 379 Dum
405 340 586 389 sugerent
622 336 811 389 nymphae
832 368 841 377 .
877 342 1085 389 postquam
1117 337 1299 378 Saturnia
1335 338 1480 391 sensit,

265 394 419 437 ‘Huius'
452 398 505 435 ait
537 392 705 447 ‘linguae
723 427 735 448 ‚
767 407 843 447 qua
873 407 961 435 sum
992 395 1156 449 delusa,
1186 401 1358 448 potestas

263 456 385 495 Parva
419 454 489 494 tibi
522 453 677 493 dabitur
696 485 707 506 ,
738 455 922 505 vocisque
954 453 1209 494 brevissimus
1240 466 1336 494 usus
1349 451 1375 494 ε’

262 515 397 565 Reque
430 513 552 552 minas
584 513 740 552 firmat:
771 517 923 552 tantum
954 512 1050 552 haec
1082 514 1121 552 in
1153 513 1228 552 fine
1261 512 1446 564 loquendi

262 573 478 624 Ingeminat
509 582 625 610 voces
656 571 863 622 auditaque
895 570 1013 610 verba
1043 577 1240 623 reportat.

175 640 241 671 370
261 630 364 681 Ergo
398 629 466 669 ubi
496 628 723 669 Narcissum
754 641 825 680 per
857 628 967 669 devia
997 641 1091 669 rura
1122 635 1324 680 vagantem

262 689 364 728 Vidit
396 693 435 728 et
466 687 657 740 incaluit,
689 688 869 738 sequitur
899 689 1062 739 vestigia
1093 687 1252 740 surtim3

262 747 427 798 Quoque
459 748 581 798 magis
613 746 792 797 sequitur
809 776 821 798 ‚
846 741 1005 785 namma
1035 746 1220 798 propiore
1253 745 1436 800 calescit,

261 805 346 845 Non
379 804 514 858 aliter,
547 816 662 856 quam
693 815 783 844 cum
815 805 977 844 summis
1009 803 1228 844 circumlita
1259 803 1381 845 taedis

261 864 465 904 Admotam
496 864 653 915 rapiunt
684 863 828 902 vivacia
858 862 1019 914 sulpura
1049 862 1265 902 flammam.

175 931 242 962 375
264 921 295 962 Ο
329 923 509 974 quotiens
541 921 662 960 voluit
691 920 842 961 blandis
875 920 1060 960 accedere
1093 920 1206 960 dictis

261 980 311 1021 Et
341 980 477 1020 molles
509 979 693 1019 adhihere
725 978 892 1032 preces!
925 984 1064 1018 natura
1094 985 1307 1032 repugnat,

261 1039 342 1078 Nec
374 1040 495 1090 sinit,
526 1039 714 1089 incipiat.
753 1037 821 1076 sed
840 1069 851 1090 ,
884 1037 988 1088 quod
1020 1039 1143 1090 sinit,
1174 1037 1238 1076 illa
1268 1042 1402 1089 parata
1421 1042 1480 1077 est

262 1097 480 1149 Expectare
512 1107 659 1148 sonOS‚
691 1095 737 1135 ad
770 1108 868 1147 quos
901 1108 971 1135 sua
1002 1095 1120 1135 verba
1151 1097 1346 1135 remittat.

262 1156 379 1195 Forte
410 1167 539 1207 puer,
571 1156 758 1193 comitum
784 1153 970 1193 seductus
1001 1153 1047 1193 ab
1080 1155 1232 1206 agmine
1265 1153 1365 1206 fido,

175 1223 242 1255 380
262 1215 421 1253 Dixerat
440 1210 591 1264 ‘ecquis
618 1212 727 1251 adest
746 1209 794 1265 P',
815 1218 853 1251 et
875 1209 999 1252 ‘adest
1017 1209 1042 1252 l'
1074 1212 1332 1264 responderat
1350 1212 1476 1252 Echo.

263 1272 335 1312 Hic
366 1277 499 1323 stupet
516 1303 527 1323 ,
559 1276 675 1322 atque
708 1272 830 1310 aciem
861 1276 993 1322 partes
1026 1271 1186 1311 dimittit
1215 1272 1256 1310 in
1289 1283 1448 1323 omnes,

263 1331 364 1370 Voce
398 1327 501 1369 ‘veni
520 1326 544 1369 !'
577 1341 714 1380 magna
746 1329 913 1369 clamat:
944 1334 1057 1369 vocat
1080 1329 1145 1368 illa
1176 1335 1400 1369 vocantem.

263 1389 466 1441 Respicit,
492 1393 531 1427 et
561 1399 701 1427 rursus
733 1387 838 1427 nullo
871 1389 1050 1427 veniente
1084 1384 1207 1439 ‘quid'
1239 1388 1367 1439 inquit

265 1446 339 1487 ‘Me
371 1446 473 1498 sugis
493 1443 529 1485 ‘?'
562 1452 601 1485 et
632 1445 794 1485 totidem
813 1478 824 1498 ‚
856 1452 953 1497 quot
983 1445 1109 1499 dixit,
1134 1445 1253 1485 verba
1278 1447 1449 1499 recepit,

177 1515 242 1547 385
263 1506 447 1557 Perstat,
479 1510 518 1544 et
549 1504 719 1544 alternae
752 1503 940 1555 deceptus
971 1504 1138 1555 imagine
1170 1506 1276 1544 vocis

264 1562 365 1603 ‘Huc
398 1566 580 1603 coeamus
601 1559 625 1602 2'
658 1564 732 1614 ait,
766 1562 940 1614 nullique
972 1562 1157 1602 libentius
1190 1575 1374 1615 umquam

264 1623 515 1675 Responsura
547 1633 642 1660 sono
676 1618 873 1660 ‘coeamus
894 1617 919 1660 !'
951 1620 1104 1660 rettulit
1127 1620 1235 1660 Echo

263 1681 313 1720 Et
343 1680 472 1720 verbis
505 1680 607 1719 favet
636 1680 720 1731 ipsa
751 1681 833 1718 suis
851 1711 862 1732 ,
895 1691 1129 1731 egressaque
1161 1679 1255 1718 silva

265 1739 347 1779 lbat
364 1771 376 1792 ‚
406 1743 451 1778 ut
481 1739 646 1778 iniceret
677 1743 831 1790 sperato
864 1737 1046 1777 bracchia
1079 1737 1200 1777 collo.

178 1807 244 1838 390
266 1798 330 1837 llle
364 1798 463 1848 sugit
481 1829 492 1849 ,
525 1797 758 1848 fugiensque
791 1793 944 1836 ‘manus
976 1795 1243 1849 complexibus
1276 1795 1405 1836 aufer!

264 1852 378 1895 Ante'
411 1857 463 1895 ait
496 1852 678 1894 ‘emoriar
696 1886 708 1908 ,
740 1867 856 1906 quam
888 1856 938 1894 sit
969 1854 1180 1921 tibiQia
1214 1856 1339 1894 nostri
1352 1852 1376 1894 1’

266 1914 431 1954 Rettulit
462 1914 525 1953 illa
558 1913 653 1953 nihil
685 1914 759 1952 nisi
792 1910 858 1952 ‘sit
883 1913 954 1953 tibi
986 1914 1096 1965 copia
1128 1914 1253 1952 nostri
1269 1910 1295 1952 Γ

267 1972 406 2023 Spreta
436 1972 530 2012 latet
561 1972 696 2025 silvis,
728 1971 1032 2024 pudibundaque
1065 1971 1270 2011 frondibus
1302 1983 1369 2011 ora

265 2030 469 2082 Protegit,
502 2036 541 2070 et
573 2030 664 2069 solis
697 2042 742 2069 ex
774 2030 839 2069 illo
872 2031 964 2069 vivit
994 2031 1034 2069 in
1067 2031 1212 2070 antris.

180 2097 243 2129 395
267 2088 343 2128 Sed
374 2094 505 2127 tamen
536 2088 672 2128 haeret
703 2100 811 2127 amor
844 2090 1064 2140 crescitque
1097 2088 1231 2128 dolore
1263 2087 1467 2140 repulsae:

265 2146 488 2186 Extenuant
519 2146 652 2198 vigiles
686 2159 828 2198 corpus
860 2146 1082 2186 miserabile
1114 2158 1255 2199 curae,
1339 2154 1371 2181 f·
1391 2153 1483 2180 xxxi-

265 2205 510 2256 Adducitque
543 2210 673 2244 cutem
706 2207 878 2258 macies,
911 2211 950 2244 et
980 2207 1020 2245 in
1052 2209 1142 2245 aera
1173 2216 1292 2244 sucus

266 2264 449 2314 Corporis
471 2264 596 2302 omnis
617 2262 718 2302 abit.
747 2276 817 2302 vox
838 2269 989 2303 tantum
1009 2269 1125 2315 atque
1145 2275 1232 2302 ossa
1252 2268 1483 2314 supersunt.
