1538 2496
176 138 257 181 192
447 153 539 175 11¹fflS
725 137 937 173 METAMM
953 164 959 173 .

290 249 444 289 Tollere
478 255 698 289 conantur:
731 260 845 299 saepe
865 280 875 299 ,
908 254 951 287 ut
983 248 1186 288 medeatur
1219 250 1364 302 amori,

289 309 567 360 Praecipiunt,
600 307 819 357 surdaeque
852 306 1037 346 adhibent
1069 307 1210 346 solacia
1241 308 1386 349 menti.

201 374 269 406 665
289 367 395 406 Muta
426 369 554 418 iacet,
587 366 808 416 viridesque
842 367 923 405 suis
957 372 1064 405 tenet
1096 365 1294 417 unguibus
1326 365 1468 406 herbas

287 426 446 478 Byblis,
479 430 518 463 et
548 430 720 463 umectat
751 424 999 464 lacrimarum
1031 426 1206 475 gramina
1237 426 1344 464 rivo.

287 484 426 523 Naidas
459 483 518 522 his
551 495 716 535 venam,
750 495 848 534 quae
887 495 1101 533 numquam
1139 495 1318 523 arescere
1355 490 1512 537 posset,

289 542 549 593 Subposuisse
584 542 717 582 ferunt
736 573 744 581 .
784 541 876 592 quid
898 543 1002 581 enim
1028 542 1119 580 dare
1141 543 1265 582 maius
1285 540 1513 582 habebant?

287 601 500 652 Protinus,
535 607 576 639 ut
608 606 714 640 secto
745 602 878 652 piceae
913 601 959 639 de
996 602 1142 640 cortice
1175 605 1334 655 guttae,

200 667 266 698 660
287 659 384 698 Utve
417 665 531 699 tenax
563 659 718 710 gravida
750 665 880 698 manat
913 659 1053 699 tellure
1085 659 1287 714 bitumen3

288 717 384 758 Utve
417 717 490 757 sub
524 718 691 758 adventu
724 719 908 770 spirantis
942 718 1027 757 lene
1060 719 1190 757 favoni

288 776 377 816 Sole
409 776 647 816 remollescit
679 789 777 828 quae
810 777 955 828 frigore
988 778 1165 816 constitit
1198 776 1324 830 unda3

288 835 352 874 Sic
383 835 553 875 lacrimis
587 841 816 887 consumpta
849 837 930 874 suis
962 834 1158 874 Phoebeia
1189 835 1319 887 Byblis
1361 845 1387 870 f.
1409 844 1508 871 cxliii.

287 893 462 934 Vertitur
493 896 533 933 in
567 895 715 934 sontem
732 926 743 947 ,
777 896 844 945 qui
875 906 980 933 nunc
1013 906 1169 946 quoque
1202 894 1365 934 vallibus
1397 895 1472 934 illis

200 960 265 991 665
287 953 437 992 Nomen
469 953 586 992 habet
617 953 795 992 dominae
815 985 826 1005 ‚
858 954 1046 1004 nigraque
1080 952 1152 992 sub
1185 952 1272 992 ilice
1304 961 1456 993 manat.

347 1012 462 1051 Fama
494 1013 583 1051 novi
615 1017 773 1051 centum
807 1011 966 1051 Creteas
997 1012 1162 1051 forsitan
1193 1011 1312 1052 urbes

287 1070 492 1122 Implesset
524 1072 719 1122 monstri,
752 1072 785 1109 si
816 1083 894 1109 non
926 1070 1114 1110 miracula
1145 1082 1271 1122 nuper

288 1129 422 1180 lphide
456 1135 602 1169 mutata
636 1129 750 1168 Crete
782 1130 967 1180 propiora
999 1129 1176 1169 tulisset.

286 1187 468 1227 Proxima
500 1188 691 1227 Gnosiaco
723 1199 813 1226 nam
846 1187 1041 1238 quondam
1072 1187 1254 1227 Phaestia
1284 1201 1406 1240 regno

200 1254 267 1286 670
288 1246 503 1298 Progenuit
535 1247 649 1286 tellus
682 1248 814 1298 ignoto
848 1247 1004 1286 nomine
1036 1245 1225 1299 Ligdum,

289 1306 462 1357 Ingenua
494 1306 540 1345 de
573 1305 686 1356 plebe
718 1306 875 1345 virum.
913 1317 986 1344 nee
1019 1317 1161 1344 census
1192 1307 1233 1344 in
1265 1305 1330 1345 illo

287 1363 497 1404 Nobilitate
530 1377 599 1404 sua
632 1365 754 1403 maior
773 1396 784 1417 ‚
816 1364 884 1403 sed
916 1365 993 1403 vita
1024 1363 1200 1416 fidesque

287 1423 487 1475 Inculpata
519 1424 618 1462 suit.
658 1423 837 1474 gravidae
871 1425 937 1474 qui
969 1424 1146 1474 coniugis
1179 1435 1294 1463 aures

287 1481 456 1521 Vocibus
488 1482 549 1521 his
582 1483 763 1535 monuit,
795 1493 885 1521 cum
915 1483 992 1521 iam
1023 1494 1146 1534 prope
1177 1487 1314 1534 partus
1335 1482 1512 1522 adesset:

199 1547 265 1579 675
288 1538 410 1587 ‘Quae
442 1553 600 1580 voveam
618 1573 629 1594 ‚
662 1540 738 1580 duo
760 1546 880 1580 sunt:
911 1542 1071 1580 minimo
1098 1546 1142 1580 ut
1160 1541 1336 1580 relevere
1355 1540 1487 1581 labore
1500 1573 1514 1595 ,

287 1600 415 1650 thue
447 1611 595 1639 marem
626 1600 784 1651 parias⁶
823 1601 1027 1638 onerosior
1059 1599 1179 1639 altera
1210 1611 1296 1639 sors
1329 1606 1412 1654 est,

287 1658 337 1697 Et
369 1660 471 1697 vires
503 1659 659 1698 fortuna
690 1664 834 1709 negat.
873 1658 977 1709 quod
1009 1657 1240 1711 abominor,
1273 1670 1366 1710 ergo

287 1717 401 1756 Edita
434 1718 535 1756 sorte
568 1723 634 1757 tuo
668 1717 788 1756 fuerit
819 1718 852 1756 si
884 1718 1026 1756 femina
1057 1722 1202 1770 partu,
1235 1738 1290 1746 —

288 1776 436 1815 Invitus
469 1776 638 1828 mand03
671 1777 796 1827 pietas
815 1807 826 1828 ,
858 1775 1047 1827 ignoscet
1079 1796 1134 1804 —
1167 1782 1332 1817 necetur
1346 1771 1372 1816 .’

200 1840 266 1873 680
287 1834 473 1874 Dixerat:
506 1841 545 1874 et
576 1835 745 1874 lacrimis
778 1835 928 1873 vultum
959 1834 1086 1874 lavere
1118 1835 1292 1887 profusis

288 1893 382 1932 Tam
416 1895 483 1945 qui
515 1893 749 1946 mandabat,
782 1905 898 1944 quam
931 1895 994 1932 cui
1026 1894 1206 1933 mandata
1238 1894 1453 1934 dabantur.

289 1952 364 1990 Sed
400 1959 527 1991 tamen
560 1965 685 2003 usque
718 1964 833 1992 suum
866 1953 972 1991 vanis
1004 1952 1214 1992 Telethusa
1247 1955 1429 1993 maritum

291 2010 479 2050 Sollicitat
510 2011 724 2063 precibus,
755 2023 804 2050 ne
838 2023 946 2062 spem
980 2010 1053 2050 sibi
1084 2016 1203 2062 ponat
1234 2012 1274 2051 in
1306 2018 1414 2051 arto.

292 2068 405 2107 Certa
438 2082 506 2108 sua
539 2076 600 2109 est
631 2069 750 2121 Ligdo
784 2071 1005 2109 sententia.
1045 2072 1200 2121 iamque
1232 2069 1393 2110 ferendo

202 2134 268 2166 685
290 2126 360 2165 Vix
393 2134 476 2166 erat
507 2128 569 2166 illa
601 2140 756 2180 gravem
789 2134 942 2168 maturo
975 2128 1149 2180 pondere
1180 2133 1382 2183 ventrem,

290 2185 387 2224 Cum
419 2187 546 2225 medio
579 2189 707 2226 noctis
740 2189 864 2239 spatio
898 2186 971 2227 sub
1003 2188 1171 2239 imagine
1202 2189 1330 2227 somni

288 2244 441 2283 Inachis
472 2250 560 2284 ante
587 2251 746 2299 torum,
778 2258 920 2298 pompa
953 2248 1134 2286 comitata
1165 2258 1352 2299 suorum,

288 2303 366 2341 Aut
398 2304 505 2342 stetit
537 2309 602 2342 aut
634 2306 715 2343 visa
747 2311 834 2344 est.
873 2307 1029 2344 inerant
1059 2304 1209 2344 lunaria
1243 2305 1366 2344 fronti

289 2360 443 2400 Cornua
477 2373 564 2401 cum
598 2364 714 2414 spicis
747 2363 868 2403 nitido
900 2362 1133 2403 flaventibus
1166 2375 1261 2403 auro
