1518 2501
81 80 106 121 6
295 91 425 113 LYCAON
622 75 835 112 METAMM
850 104 855 110 .

197 188 344 228 Celsior
376 190 457 239 ipse
491 187 574 226 loco
607 193 843 237 sceptroque
874 187 1030 224 innixus
1058 185 1208 224 eburno

195 247 226 285 T
230 247 421 286 errificam
454 247 590 296 capitis
622 245 822 283 concussit
852 250 990 295 terque
1024 250 1238 295 quaterque

112 313 176 345 180
199 305 415 344 Caesariem
434 336 445 356 ,
478 316 565 342 cum
599 315 673 354 qua
705 309 850 342 terram
882 315 987 342 mare
1020 302 1148 342 sidera
1179 303 1320 342 movit.

196 363 353 402 Talibus
384 362 473 401 inde
507 361 630 400 modis
663 374 730 400 ora
761 362 1000 412 indignantia
1032 361 1168 400 solvit:

203 420 302 460 <Non
334 433 403 472 ego
436 433 506 472 pro
539 419 675 459 mundi
705 432 827 472 regno
860 422 982 472 magis
1014 421 1151 459 anxius
1176 419 1240 458 illa

196 480 441 531 Tempestate
474 479 558 531 fui,
593 491 667 530 qua
700 485 857 518 centum
890 480 1055 530 quisque
1086 477 1247 530 parabat

200 539 347 577 inicere
381 537 642 589 anguipedum
674 539 825 589 captivo
856 537 1037 576 bracchia
1070 537 1199 576 caelo.

112 604 176 636 185
198 596 293 635 Nam
325 608 559 647 quamquam
579 597 687 635 ferus
707 596 832 636 hostis
860 602 943 635 erat
960 629 971 649 ,
1003 601 1133 635 tamen
1153 595 1249 635 illud
1268 594 1316 635 ab
1338 607 1414 635 uno

198 655 369 706 Corpore
402 660 441 694 et
472 667 518 694 ex
550 667 627 694 una
658 655 852 706 pendebat
883 656 1032 706 origine
1065 653 1233 693 bellum.

194 713 306 752 Nunc
337 713 434 752 mihi
465 726 540 765 qua
570 719 697 752 totum
728 713 880 752 Nereus
913 715 1178 752 circumsonat
1208 712 1367 765 orbem,

194 771 443 810 Perdendum
474 777 535 811 est
564 772 726 811 mortale
758 784 910 824 genus.
947 784 1018 824 per
1049 771 1209 810 flumina
1239 773 1327 810 iuro

198 831 324 869 lnfera
356 830 428 870 sub
461 836 566 869 terra
593 830 725 882 Stygio
757 830 925 870 labentia
956 830 1069 883 luco,

109 897 175 928 190
197 888 345 928 Cuncta
375 891 485 940 prius
517 895 731 941 temptata.
771 889 839 928 sed
871 888 1142 929 inmedicabile
1174 901 1269 928 cura

195 947 299 986 Ense
331 947 586 987 recidendum
618 954 706 1001 est,
737 960 786 987 ne
818 960 908 1000 pars
940 949 1093 987 sincera
1124 947 1325 987 trahatur.

196 1006 296 1045 Sunt
326 1006 421 1044 mihi
447 1006 638 1059 semidei,
671 1012 764 1046 sunt
794 1008 942 1046 rustica
973 1008 1133 1046 numina
1151 1038 1162 1059 ‚
1193 1005 1385 1058 nymphae

194 1065 395 1115 Faunique
428 1067 626 1116 satyrique
660 1070 698 1104 et
728 1065 961 1104 monticolae
994 1065 1162 1104 Silvani:

195 1123 301 1169 Quos
333 1124 517 1173 quoniam
549 1123 645 1162 caeli
675 1123 849 1162 nondum
881 1123 1086 1174 dignamur
1117 1123 1291 1176 honore,

108 1189 172 1220 195
195 1181 298 1227 Quas
331 1180 509 1221 dedimus
529 1214 539 1233 ,
572 1187 679 1221 certe
711 1189 837 1221 terras
869 1182 1044 1221 habitare
1077 1184 1272 1221 sinamus.

193 1241 252 1279 An
284 1242 376 1278 satis
402 1272 412 1293 ‚
444 1253 466 1278 o
499 1242 661 1293 superi,
693 1245 799 1279 tutos
831 1241 915 1279 fore
948 1240 1109 1280 creditis
1139 1240 1250 1293 illos,

196 1298 293 1338 Cum
323 1298 417 1337 mihi
436 1331 447 1351 ‚
480 1300 547 1349 qui
578 1298 725 1337 fulmen
743 1331 754 1352 ,
787 1301 854 1350 qui
885 1311 952 1338 vos
984 1298 1188 1350 habeoque
1218 1311 1414 1352 regoque,

195 1357 393 1396 Struxerit
422 1358 582 1396 insidias
614 1363 730 1397 notus
762 1358 915 1397 feritate
948 1357 1102 1409 Lycaon
1115 1354 1152 1397 ’θ’

196 1415 476 1454 Confremuere
503 1428 638 1455 omnes
657 1448 668 1470 ‚
700 1416 919 1468 studiisque
951 1416 1180 1456 ardentibus
1212 1428 1351 1455 ausum

106 1481 174 1513 200
194 1473 300 1512 Talia
330 1473 575 1525 deposcunt.
615 1476 671 1514 sic
689 1506 700 1527 ‚
732 1487 821 1514 cum
853 1487 991 1514 manus
1021 1476 1140 1527 impia
1171 1476 1292 1514 saevit

196 1532 391 1583 Sanguine
424 1532 613 1572 Caesareo
646 1533 865 1573 Romanum
897 1535 1126 1585 extinguere
1158 1545 1326 1587 nomen,

196 1592 415 1630 Attonitum
447 1597 553 1630 tanto
586 1591 738 1631 subitae
769 1599 922 1632 terrore
953 1594 1091 1631 ruinae

194 1649 416 1688 Humanum
446 1663 570 1701 genus
603 1656 663 1689 est
693 1656 878 1702 totusque
910 1650 1138 1702 perhorruit
1169 1651 1299 1690 orbis.

194 1707 274 1746 Nec
306 1707 377 1746 tibi
409 1715 516 1759 grata
549 1711 679 1748 minus
716 1711 840 1761 pietas
859 1741 870 1762 ,
901 1710 1076 1761 Auguste
1095 1741 1107 1762 ‚
1138 1716 1299 1749 tuorum
1331 1715 1392 1749 est
1402 1741 1414 1763 ‚

107 1774 173 1804 205
195 1766 319 1811 Quam
345 1767 419 1806 suit
448 1767 513 1806 illa
543 1767 651 1807 Iovi.
690 1770 757 1819 qui
787 1774 995 1819 postquam
1025 1780 1120 1807 voce
1152 1779 1349 1819 manuque

193 1825 393 1864 Murmura
424 1827 685 1878 compressit,
715 1832 879 1866 tenuere
912 1826 1066 1866 silentia
1097 1828 1254 1866 cuncti:

196 1882 398 1932 [Substitit
429 1891 473 1924 ut
504 1885 649 1923 clamor
667 1917 678 1937 ‚
709 1897 871 1937 pressus
902 1887 1091 1936 gravitate
1122 1887 1321 1939 regentis,

195 1941 368 1992 luppiter
399 1943 472 1982 hoc
497 1945 641 1982 iterum
674 1956 855 1982 sermone
887 1943 1040 1983 silentia
1070 1945 1178 1996 rupit
1191 1943 1219 1994 ε]

196 1996 278 2038 ‘Ille
318 2001 474 2050 quidem
510 2014 656 2053 poenas
674 2034 685 2055 ‚
724 2014 858 2041 curam
894 2002 995 2042 hanc
1033 2002 1216 2042 dimittite
1235 2034 1247 2056 ‚
1278 2002 1414 2043 solvit.

108 2066 174 2097 210
196 2058 307 2104 Quod
346 2064 475 2098 tamen
513 2061 754 2114 admissum,
787 2073 886 2112 quae
925 2063 976 2100 sit
1012 2061 1213 2114 vindicta,
1244 2060 1414 2102 docebo.

194 2116 420 2168 Contigerat
450 2124 603 2158 nostras
635 2121 793 2158 infamia
824 2121 1014 2172 temporis
1046 2131 1186 2159 aures:

197 2175 319 2222 Quam
352 2178 513 2227 cupiens
534 2177 668 2216 falsam
686 2210 697 2230 ‚
728 2191 880 2217 summo
912 2178 1072 2218 delabor
1103 2177 1266 2230 Olympo

193 2233 243 2272 Et
273 2234 369 2273 deus
402 2235 569 2274 humana
599 2236 724 2275 lustro
757 2236 830 2276 sub
862 2238 1030 2288 imagine
1061 2242 1213 2276 terras.

194 2291 325 2344 Longa
344 2305 452 2332 mora
472 2303 533 2333 est
550 2325 561 2346 ‚
593 2302 780 2346 quantum
801 2308 924 2335 noxae
945 2297 997 2334 sit
1022 2294 1168 2347 ubique
1188 2301 1416 2349 repertum,
