1507 2580
1330 118 1393 153 VH

55 234 296 285 scripturam
328 231 480 271 Heinsii
514 232 706 270 revocavi.
757 232 812 269 ita
845 231 948 268 enim
986 230 1129 278 legisse
1164 229 1309 267 Seneca
1342 231 1393 266 vi-

56 294 185 344 detur,
216 293 283 343 qui
315 291 407 330 Nat.
430 304 493 340 qu.
521 298 553 328 11
576 292 628 327 28
664 291 707 328 3:
741 290 828 333 lato,
858 292 901 328 ut
932 290 985 327 ita
1017 289 1153 330 dicam,
1188 290 1261 326 ictu
1287 291 1320 325 et
1346 291 1395 325 lo-

57 356 136 391 tum
163 352 315 400 qlobu'm
347 350 459 389 simul
492 350 700 397 dissipante
732 361 825 397 opus
858 351 927 391 est,
959 350 1001 385 ut
1031 349 1176 385 sonitus
1210 351 1394 394 erumpat,

56 411 182 460 qualis
207 411 376 452 auditur,
409 420 493 446 cum
522 411 635 446 tonat.
680 407 781 446 idem
812 410 943 445 autem
970 418 1069 455 quae
1098 406 1257 454 scripsit
1282 405 1394 442 initis·

57 482 88 508 c.
119 477 234 508 XXVI
267 468 314 506 de
346 467 498 516 origine
530 467 732 514 imbrium,
772 466 887 504 valde
920 465 1080 502 dubiam
1118 465 1214 502 mihi
1246 464 1397 502 faciunt.

56 528 351 576 correctionem,
379 538 497 576 quam
522 538 558 563 v.
580 527 661 564 ‘269
697 525 798 574 dedi,
831 531 1017 563 INCLUSI
1043 524 1173 567 nimbi,
1201 523 1397 572 explicant

57 586 156 625 illud
198 587 302 636 hinc,
346 584 450 635 quod
486 584 528 622 in
564 583 730 633 vulgata
769 584 965 632 scriptura
1004 583 1106 620 male
1144 595 1206 620 me
1244 582 1396 619 habuit.

57 645 177 684 velim
209 644 333 684 deleri
365 644 630 682 conjecturam
663 643 891 691 ceteroquin
923 642 1049 680 solitis
1083 641 1236 679 scribae
1267 641 1308 678 M
1341 652 1398 678 er-

56 704 214 743 roribus
246 703 344 742 satis
377 703 580 740 munitam.
719 698 804 739 405
838 709 924 740 sm)
959 709 1037 738 ΠΙ
1070 707 1155 738 EST
1188 707 1250 738 DE
1283 707 1397 737 MAR-

57 770 185 802 MORE
214 769 408 801 comus
431 781 484 787 —
507 768 670 799 smms.
720 768 804 798 EST
839 760 920 797 sine
953 759 1065 796 libris
1098 759 1245 796 inserui·
1274 771 1318 796 eo
1344 758 1398 796 10-

56 834 122 872 co,
161 834 237 871 quo
270 823 331 859 est
363 821 404 858 in
434 832 553 858 versu
585 820 789 857 X111135.
839 822 997 867 poterat
1030 819 1168 855 abesse
1200 819 1272 855 hoc
1303 817 1399 866 loco,

58 880 109 930 si,
148 883 195 918 ut
232 880 273 917 in
309 879 376 917 illo
414 878 478 917 vel
510 886 562 916 111
591 879 690 926 178,
724 886 784 915 XV
809 879 903 926 170,
941 877 1090 914 nudum
1126 876 1399 925 praedicatum

57 940 179 978 esset:
219 937 287 976 sed
323 938 502 975 iunctum
539 939 601 975 est
638 936 771 974 dativo
810 936 1033 986 possessivo
1070 936 1214 983 sirmi&
1251 934 1300 972 ab
1334 934 1400 972 ad-

57 997 200 1036 iectivo
232 997 430 1035 simillima
459 1007 538 1033 non
569 995 648 1045 hic,
687 995 755 1033 sed
794 995 955 1033 rudibus
992 993 1149 1043 pendet.
1200 1005 1318 1043 quam
1350 993 1398 1031 ob

57 1068 141 1094 rem
166 1067 349 1094 rasuram
380 1054 422 1092 in
445 1054 486 1091 M
512 1057 613 1102 cept.
632 1082 639 1091 .
655 1082 663 1090 .
696 1065 774 1091 non
801 1053 982 1102 supplevi
1008 1053 1206 1102 scriptura
1231 1052 1400 1090 aliorum

57 1115 268 1163 librorum,
313 1124 433 1163 quam
475 1124 614 1151 manus
654 1112 824 1151 secunda
859 1112 900 1150 in
937 1112 1051 1149 illum
1087 1111 1242 1161 intulit,
1286 1123 1399 1149 eraso

57 1173 221 1223 scilicet,
248 1172 353 1222 quod
371 1171 514 1210 leviori
533 1183 653 1220 opera
673 1172 820 1220 corrigi
839 1183 918 1209 non
936 1172 1081 1220 posset.
1154 1167 1242 1208 470
1268 1168 1397 1215 QUOD

58 1239 217 1283 FACIT,
253 1238 486 1269 HAMATUM
523 1237 621 1269 EST.
678 1232 860 1269 auratum
898 1233 951 1268 est
989 1229 1084 1267 libri
1121 1240 1268 1268 omnes.
1319 1240 1401 1267 cor·

58 1290 182 1329 rectio
214 1289 360 1328 certior
390 1288 563 1327 fortasse
594 1288 813 1327 Heinsiana
845 1297 874 1326 v
896 1289 963 1337 80,
995 1287 1064 1325 ubi
1094 1287 1136 1324 M
1180 1291 1400 1337 ..ammoto‚

58 1349 154 1388 olim
185 1348 270 1388 sine
301 1347 420 1386 dubio
452 1347 651 1386 hammoto.
700 1348 893 1397 perpetuo
931 1347 993 1384 hic
1025 1345 1156 1384 scriba
1185 1346 1331 1395 ineptit
1360 1346 1402 1384 in

58 1407 266 1446 adicienda.
295 1408 366 1446 aut
395 1405 642 1445 detrahenda
678 1417 725 1444 ea
760 1406 907 1444 littera.
958 1405 1078 1443 etiam
1108 1413 1144 1442 11
1166 1406 1248 1443 799
1282 1407 1322 1443 et
1353 1413 1401 1443 1v

61 1467 147 1505 720
184 1465 294 1504 dedit
336 1466 494 1513 amatis,
531 1476 629 1503 amo.
683 1464 890 1515 vulgatam
933 1475 1012 1502 non
1053 1465 1191 1502 tuetur
1227 1471 1295 1502 VII
1317 1465 1399 1502 673

58 1525 240 1575 iaculum,
271 1525 381 1563 cuius
404 1524 481 1572 fluit
503 1534 626 1563 aurea
651 1526 799 1573 cuspis;
832 1525 875 1562 at
905 1522 1222 1561 emendationem
1252 1531 1283 1561 v
1304 1523 1401 1573 384,

59 1583 241 1634 Propert.
266 1590 321 1622 111
343 1583 394 1622 12
431 1583 454 1621 9
480 1581 628 1631 Haupt.
737 1578 836 1632 545,
861 1577 945 1621 547
972 1574 1103 1630 re‘cepi
1122 1593 1222 1631 quae
1247 1581 1288 1619 in
1312 1593 1401 1631 pro-

57 1641 191 1681 ecdosi
233 1641 460 1692 posthabui.
521 1653 600 1680 non
637 1643 699 1680 est
736 1640 941 1691 probabile
980 1640 1108 1679 solum
1139 1639 1316 1678 Peneum
1346 1640 1402 1677 in-

59 1702 246 1740 vocatum
275 1700 451 1740 voluisse
482 1702 653 1750 poetam,
685 1712 709 1738 a
739 1702 854 1750 patre
884 1699 1008 1738 filiam
1037 1700 1235 1737 mutatam
1265 1698 1402 1737 fuisse.

59 1759 264 1798 Tellurem
293 1762 365 1798 aut
395 1758 630 1797 crediderim
661 1758 920 1808 desumptam>
936 1771 985 1796 ex
1008 1757 1151 1796 Aesch.
1173 1757 1402 1796 Promethei

60 1831 124 1858 vv.
145 1818 228 1857 565
263 1818 345 1856 581
374 1817 437 1868 Η.,
457 1830 575 1867 quam
593 1817 772 1856 fabulam
791 1817 982 1867 relegisse
1002 1828 1093 1854 eum
1113 1817 1273 1865 oportet
1294 1817 1401 1854 ante-

58 1889 181 1927 quam
210 1888 371 1916 versum
402 1875 546 1915 abhinc
575 1876 814 1927 vigesimum
845 1875 1130 1924 conscriberet,
1166 1875 1237 1913 aut
1268 1886 1316 1913 ex
1345 1874 1401 1912 fa-

59 1935 157 1974 bula
185 1934 451 1985 Antiochena,
489 1947 608 1986 quam
645 1935 767 1974 habet
797 1935 962 1973 Nonnus
994 1933 1110 1972 Dion.
1141 1941 1296 1971 XXXIII
1317 1933 1401 1971 214

60 1988 241 2047 (Manto,
276 1993 409 2032 Aetna
438 2006 476 2043 p.
502 1989 590 2046 43).
770 1990 856 2032 640
887 1999 1053 2032 morus
1085 1999 1308 2038 NOVAQUE
1340 2000 1401 2031 ur

60 2059 324 2092 conspexu*
369 2060 419 2091 m
458 2059 588 2092 uNDA
631 2051 832 2092 CORNUA.
893 2054 1004 2100 ripas
1046 2050 1152 2089 libri.
1209 2050 1403 2089 tuendum

61 2123 164 2161 reor,
195 2111 300 2160 quod
329 2122 445 2150 nemo
475 2112 645 2161 probare
677 2123 808 2150 ausus.
856 2111 975 2149 rictus
1000 2111 1041 2148 et
1065 2120 1211 2148 cornua
1235 2108 1404 2147 redeunt

60 2182 126 2209 vv.
152 2170 238 2209 ‘140
270 2169 373 2209 741:
403 2170 523 2210 rictus
553 2171 657 2210 bovis
688 2172 750 2209 est
781 2169 887 2219 apud
917 2168 1090 2208 Plinium
1119 2167 1214 2207 Nat.
1245 2167 1284 2206 h.
1316 2175 1401 2206 vm

63 2229 137 2267 74:
167 2227 296 2268 vultus
327 2230 362 2267 et
390 2238 536 2268 cornua
559 2229 655 2268 vidit
677 2230 720 2268 in
742 2229 850 2267 wnda
875 2229 996 2267 etiam
1019 2227 1200 2266 Actaeon
1230 2234 1285 2264 111
1306 2227 1401 2264 200.

61 2287 257 2337 quantum
287 2285 472 2326 accedere
502 2289 671 2337 putatur
701 2287 910 2327 tenerioris
936 2287 1102 2326 affectus
1128 2297 1176 2324 ex
1201 2285 1406 2334 anaphora

59 2344 252 2396 vulgatae
283 2357 370 2399 scr,
398 2347 557 2386 tantum
588 2346 743 2396 deperit
772 2358 820 2386 ex
849 2345 1091 2387 narrationis
1115 2343 1291 2394 partium
1316 2354 1405 2382 con-
