1527 2580
595 127 680 163 VIII
698 155 706 172 ,
732 131 891 163 57—131
909 155 917 162 .
1062 142 1187 164 ocum
1340 129 1421 172 153

135 246 176 276 95
198 236 359 275 Munera
391 238 595 289 porrexit.
634 237 762 276 Minos
795 243 975 289 porrecta
1007 238 1175 290 refugit:

201 294 496 346 [Turbatusque
529 297 618 334 novi
650 297 853 348 respondit
883 298 1049 347 imagine
1083 296 1214 346 sactiz]

200 351 260 392 ‘Di
293 360 330 393 te
363 360 662 405 summoveant,
694 366 716 392 o
749 357 872 394 nostri
906 356 1062 394 infamia
1093 355 1233 408 saecli,

200 411 304 451 Orbe
337 425 439 464 suo;
472 412 665 463 tellusque
700 412 768 451 tibi
801 420 1025 464 pontusque
1058 420 1245 465 negetur.

200 470 316 510 Certe
349 483 420 522 ego
453 483 531 510 non
563 473 688 522 patiar
720 471 820 510 lovis
854 471 1087 510 incunabula
1106 504 1117 525 ,
1150 472 1317 524 Creten,

114 537 179 568 100
201 528 277 574 Qui
308 541 420 569 meus
453 536 513 568 est
544 529 650 568 orbis
669 561 680 581 ,
713 535 863 569 tantum
904 532 1130 582 contingere
1163 538 1381 570 monstrum
1398 527 1421 569 .’

198 587 331 627 Dixit:
364 594 403 627 et
434 594 478 627 ut
508 587 615 639 leges
648 590 771 639 captis
804 590 1041 628 iustissimus
1074 595 1211 629 auctor

199 645 387 685 Hostibus
419 648 623 698 inposuit,
655 646 791 686 classis
823 647 1037 686 retinacula
1069 648 1164 687 solvi

199 704 317 744 lussit
348 711 388 744 et
419 711 569 744 aeratas
602 705 755 756 impleri
788 708 934 757 remige
967 718 1140 758 puppes.

200 762 327 814 Scylla
358 764 459 803 sreto
491 769 700 815 postquam
733 763 919 803 deductas
952 776 1044 803 nare
1078 766 1252 817 carinas,

115 830 178 860 105
200 821 281 861 Nec
312 829 514 874 praestare
547 823 688 861 ducem
721 823 882 862 sceleris
915 822 988 861 sibi
1020 826 1190 874 praemia
1225 823 1342 875 vidit,

201 881 455 933 Consumptis
486 881 670 933 precibus
704 881 910 920 violentam
943 883 1084 920 transit
1115 884 1154 921 in
1186 884 1307 934 iram,

200 938 492 991 intendensque
525 952 662 979 manus
681 971 692 992 ,
724 941 847 991 passis
881 939 1090 979 furibunda
1123 940 1270 992 capillis

202 995 304 1044 ‘Quo
336 995 484 1051 sugis‚'
518 998 707 1037 exclamat
739 995 984 1037 ‘meritorum
1018 1004 1178 1038 auctore
1211 999 1371 1051 relicta,

202 1055 233 1096 Ο
265 1058 413 1108 patriae
446 1057 618 1109 praelate
650 1069 758 1095 meae
777 1088 788 1109 ,
819 1056 990 1109 praelate
1024 1054 1212 1108 parenti?

115 1124 180 1154 110
202 1115 288 1160 Quo
321 1116 424 1167 sugis
443 1147 454 1168 ,
485 1117 634 1154 inmitis
653 1113 674 1154 ?
707 1117 819 1155 cuius
853 1117 1014 1154 victoria
1046 1122 1225 1154 nostrum

201 1173 251 1212 Et
270 1174 399 1213 scelus
420 1180 459 1213 et
484 1176 668 1213 meritum
701 1180 761 1213 est
781 1205 789 1212 .
828 1186 901 1213 nec
923 1179 959 1212 te
980 1174 1067 1213 data
1087 1186 1249 1213 munera
1263 1206 1274 1226 ‚
1295 1186 1366 1213 nec
1389 1181 1422 1213 te

200 1232 343 1272 Noster
375 1244 483 1272 amor
516 1235 664 1285 movit,
697 1244 769 1271 nec
802 1232 905 1284 quod
937 1244 1027 1284 spes
1060 1234 1186 1272 omnis
1223 1234 1263 1272 in
1305 1245 1424 1272 unum

201 1290 256 1330 Te
289 1302 374 1330 mea
407 1297 592 1343 congesta
624 1289 723 1330 est?
755 1303 844 1330 nam
877 1303 954 1342 quo
987 1291 1143 1330 deserta
1174 1289 1385 1330 revertar?

201 1349 245 1388 In
277 1347 484 1402 patriam?
515 1355 698 1402 superata
729 1351 859 1389 iacet.
898 1349 965 1388 sed
999 1350 1100 1401 finge
1132 1361 1313 1388 manere:

115 1416 180 1447 115
200 1408 428 1448 Proditione
460 1421 546 1448 mea
578 1408 708 1448 clausa
740 1414 800 1448 est
830 1407 953 1447 mihi.
991 1409 1113 1459 patris
1146 1408 1192 1446 ad
1226 1406 1327 1446 ora?

203 1467 328 1512 Quem
361 1467 431 1507 tibi
462 1465 643 1506 donavi?
675 1468 779 1506 cives
811 1466 930 1505 odere
963 1471 1203 1506 merentem:

127 1547 181 1553 —
202 1525 378 1565 Finitimi
409 1526 631 1578 exemplum
663 1530 874 1565 metuunt.
913 1527 1146 1576 exponimur
1177 1524 1272 1564 orbe

202 1583 444 1637 Terrarum,
476 1584 589 1624 nobis
621 1589 666 1624 ut
697 1583 811 1623 Crete
843 1583 924 1623 sola
954 1590 1129 1635 pateret.

201 1642 310 1682 Hanc
330 1655 486 1695 quoque
507 1645 540 1682 si
565 1642 751 1694 prohibes
769 1674 780 1695 ,
806 1648 846 1682 et
871 1655 942 1681 nos
960 1674 971 1694 ,
1003 1644 1153 1693 ingrate
1172 1674 1184 1695 ,
1216 1642 1427 1693 relinquis,

117 1710 182 1742 120
201 1701 288 1741 Non
320 1703 499 1754 genetrix
530 1701 687 1753 Europa
720 1701 789 1740 tihi
821 1707 910 1753 est,
942 1701 1010 1740 sed
1049 1701 1244 1752 inhospita
1276 1700 1426 1752 Syrtis,

203 1761 410 1800 Armeniae
442 1761 563 1812 tigres
595 1765 808 1811 austroque
841 1761 980 1810 agitata
1014 1758 1251 1810 Charybdis.

204 1819 286 1858 Nec
318 1819 407 1858 Iove
440 1824 482 1858 tu
514 1824 629 1858 natus
647 1850 659 1871 ,
691 1830 764 1857 nec
795 1824 919 1857 mater
952 1819 1117 1868 imagine
1150 1819 1252 1856 tauri

204 1877 326 1918 Ducta
358 1884 425 1918 tua
457 1883 546 1930 est;
578 1879 734 1929 generis
767 1877 860 1915 salsa
891 1882 953 1915 est
983 1888 1027 1915 ea
1060 1875 1211 1915 sabula:
1244 1887 1381 1927 verus,

205 1936 274 1987 [Et
306 1937 415 1976 serus
446 1942 487 1976 et
517 1942 654 1988 captus
687 1935 832 1975 nullius
864 1946 995 1974 amore
1028 1933 1232 1985 iuvencae]

118 2002 183 2034 125
206 1995 282 2041 Qui
314 2001 352 2035 te
385 1997 626 2048 progenuit,
659 2000 795 2034 taurus
828 1994 902 2033 suit
921 2025 930 2033 .
970 1995 1080 2044 exige
1112 2005 1281 2044 poenas,

205 2053 297 2093 Nise
329 2054 470 2106 pater!
503 2053 669 2106 gaudete
702 2054 841 2105 malis,
873 2051 988 2091 modo
1021 2052 1204 2105 prodita,
1237 2052 1381 2090 nostris

205 2112 385 2152 Moenia!
418 2124 508 2152 nam
539 2113 693 2164 fateor,
724 2113 851 2150 merui
883 2116 923 2150 et
953 2123 1039 2150 sum
1071 2110 1186 2162 digna
1217 2111 1369 2162 perire.

205 2171 283 2210 Sed
315 2177 446 2210 tamen
478 2183 524 2210 ex
556 2170 634 2210 illis
665 2171 804 2221 aliquis
824 2202 834 2222 ‚
867 2181 964 2220 quos
997 2171 1114 2221 impia
1146 2169 1264 2220 laesi,

203 2229 264 2269 Me
296 2232 492 2282 perimat.
532 2241 633 2281 cur,
665 2231 733 2280 qui
766 2230 892 2268 vicisti
925 2229 1089 2268 crimine
1122 2233 1282 2280 nostro,

119 2288 430 2340 1301nsequeris
464 2289 612 2328 crimen
632 2284 654 2326 Ῥ
685 2287 814 2327 scelus
852 2287 926 2326 hoc
965 2289 1192 2339 patriaeque
1224 2287 1426 2337 patrique,

203 2346 386 2387 Officium
419 2347 488 2386 tibi
521 2349 600 2386 sit.
641 2352 678 2386 te
710 2358 802 2385 vere
835 2348 1000 2397 coniuge
1033 2346 1147 2397 digna
1181 2351 1262 2396 est,
