1527 2580
606 109 654 144 IV
669 137 678 154 ,
704 112 888 145 721—795
904 136 911 145 .
1069 122 1215 145 renasca
1372 109 1423 150 87

211 218 252 258 {n
284 219 414 258 dotata
447 220 570 270 rapit:
604 218 733 258 taedas
766 218 1011 270 Hymenaeus
1043 219 1238 269 Amorque

209 277 486 328 Praecutiunt3
519 276 635 328 largis
668 278 858 316 satiantur
890 276 1075 315 odoribus
1102 278 1233 328 ignes,

122 343 190 375 ’160
211 335 401 387 Sertaque
434 334 656 387 dependent
689 337 829 387 tectis,
862 342 901 374 et
932 335 1076 386 ubique
1109 335 1291 386 lyraeque

209 393 397 445 Tibiaque
431 399 470 433 et
501 399 666 446 cantus,
699 395 816 432 animi
850 394 973 432 felicia
1004 393 1094 432 laeti

210 454 478 505 Argumenta,
511 458 678 491 sonant.
719 454 903 491 reseratis
936 464 1052 491 aurea
1084 451 1199 491 valvis

210 511 317 550 Atria
348 516 428 550 tota
458 516 621 563 patent,
653 510 895 562 pulchroque
927 512 1117 550 instructa
1148 516 1283 562 paratu

211 568 384 621 Cepheni
415 581 600 621 proceres
632 570 770 608 ineunt
801 571 972 608 convivia
1005 570 1130 619 regis.

124 634 192 666 ’165
211 626 423 678 Postquam
454 627 580 678 epulis
613 627 737 667 suncti
768 630 947 678 generosi
980 639 1142 666 munere
1174 626 1314 666 Bacchi

212 684 408 725 Diffudere
441 687 590 725 animos
609 717 620 739 ,
653 686 860 737 cultusque
892 698 1093 737 genusque
1125 685 1300 724 locorum

124 751 192 783 767
214 743 375 790 Quaerit
405 743 595 795 Lyncides
627 756 834 796 moresque
867 746 1116 794 animumque
1151 745 1339 782 virorum.

124 809 190 841 769
213 801 288 848 Qui
319 802 434 841 simul
467 802 622 842 edocuit
648 799 768 842 ‘nunc
786 834 797 855 ,
829 815 851 840 o
883 803 1093 842 fortissime
1113 799 1139 854 ‚'
1173 802 1268 840 dixit

125 868 193 900 770
215 858 326 900 ‘Fare
358 873 529 913 precor,
560 861 706 900 Perseu
727 893 737 913 ,
771 867 915 912 quanta
947 863 1118 912 virtute,
1152 859 1371 911 quibusque

212 918 370 958 Artibus
403 918 610 958 abstuleris
642 921 781 958 crinita
812 919 1047 958 draconibus
1080 930 1147 957 ora
1162 915 1184 957 .'

213 976 353 1016 Narrat
382 977 622 1028 Agenorides
655 977 781 1028 gelido
815 977 887 1016 sub
919 977 1072 1016 Atlante
1104 978 1296 1015 iacentem

213 1035 309 1074 Esse
341 1035 471 1075 locum
503 1035 647 1074 solidae
681 1041 808 1075 tutum
841 1037 1054 1074 munimine
1086 1034 1222 1086 molis;

214 1093 334 1133 Cuius
365 1095 406 1133 in
438 1095 601 1133 introitu
634 1095 807 1144 geminas
840 1093 1034 1132 habitasse
1065 1099 1222 1131 sorores

123 1159 191 1191 ‘175
212 1152 424 1192 Phorcidas
442 1183 454 1204 ,
486 1154 602 1191 unius
634 1154 795 1203 partitas
825 1152 983 1190 luminis
1016 1163 1154 1190 usum:

213 1210 255 1250 ld
287 1222 329 1249 se
361 1210 512 1249 sollerti
544 1211 680 1249 furtim
700 1241 712 1262 ‚
744 1210 836 1249 dum
868 1209 1064 1261 traditur,
1096 1215 1181 1248 astu

215 1267 423 1320 Subposita
455 1270 606 1320 cepisse
637 1280 784 1307 manu:
816 1280 966 1319 perque
997 1266 1125 1306 abdita
1156 1267 1269 1317 longe

215 1326 408 1378 Deviaque
440 1333 481 1366 et.
510 1326 616 1366 silvis
647 1326 848 1366 horrentia
879 1338 969 1365 saxa
1000 1326 1163 1376 fragosis

215 1385 438 1436 Gorgoneas
472 1386 643 1436 tetigisse
675 1385 840 1424 domos:
878 1385 1100 1436 passimque
1131 1395 1202 1435 per
1235 1395 1346 1434 agros

127 1451 195 1483 780
215 1443 370 1494 Perque
403 1444 482 1482 vias
515 1443 656 1482 vidisse
688 1443 890 1482 hominum
922 1442 1129 1481 simulacra
1161 1442 1410 1491 ferarumque

215 1501 258 1541 In
290 1501 440 1541 silicem
473 1514 520 1540 ex
550 1503 646 1553 ipsis
679 1503 759 1540 visa
794 1513 982 1540 conversa
1013 1500 1195 1539 Medusa:

217 1559 267 1599 Se
299 1565 428 1599 tamen
459 1559 678 1599 horrendae
711 1559 854 1612 clipei,
887 1559 989 1610 quod
1021 1559 1126 1597 laeva
1153 1557 1335 1609 gerebat,

217 1619 316 1658 Aere
347 1630 583 1670 repercusso
614 1619 779 1657 formam
811 1619 1009 1669 aspexisse
1040 1616 1247 1655 Medusae:

216 1676 394 1728 Dumque
425 1677 552 1728 gravis
572 1689 733 1716 somnus
754 1676 1012 1727 colubrasque
1032 1677 1234 1726 ipsamque
1257 1672 1435 1726 tenebat,

127 1742 195 1774 ‘185
218 1734 421 1787 Eripuisse
454 1740 572 1786 caput
602 1735 731 1787 collo;
761 1735 980 1786 pennisque
1013 1734 1190 1784 fugacem

216 1793 391 1844 Pegason
423 1799 463 1832 et
493 1794 654 1832 fratrem
686 1795 821 1832 matris
854 1792 900 1831 de
933 1793 1121 1842 sanguine
1153 1796 1288 1829 natos.

217 1851 374 1891 Addidit
404 1858 443 1891 et
468 1851 572 1903 longi
604 1864 682 1891 non
714 1851 807 1890 salsa
839 1850 1012 1902 pericula
1044 1861 1206 1888 cursus:

217 1910 325 1956 Quae
356 1911 456 1950 freta
475 1941 486 1962 ,
511 1922 607 1960 quas
640 1915 765 1948 terras
797 1908 869 1948 sub
902 1921 943 1947 se
977 1907 1137 1946 vidisset
1167 1906 1214 1945 ab
1247 1906 1348 1957 alto,

215 1967 267 2008 Et
297 1980 395 2020 quae
426 1970 577 2008 iactans
610 1969 802 2019 tetigisset
832 1966 961 2006 sidera
992 1967 1155 2017 pennis.

127 2034 196 2066 790
216 2027 315 2066 Ante
348 2032 595 2078 expectatum
628 2028 749 2065 tacuit
782 2032 938 2064 tamen.
977 2025 1121 2075 excipit
1154 2035 1254 2062 unus

216 2084 275 2124 Ex
306 2096 470 2124 numero
506 2097 747 2137 procerum,
780 2095 973 2135 quaerens
991 2114 1003 2135 ,
1035 2095 1106 2121 cur
1144 2081 1225 2120 sola
1257 2092 1435 2120 sororum

217 2142 393 2182 Gesserit
424 2143 585 2182 alternis
616 2144 798 2181 inmixtos
832 2141 1006 2180 crinibus
1038 2152 1208 2191 angues.

218 2200 368 2252 Hospes
400 2202 454 2240 ait
485 2199 684 2252 ‘quoniam
710 2201 864 2239 scitaris
895 2199 1010 2250 digna
1042 2198 1191 2251 relatu,

215 2260 358 2311 Accipe
391 2261 556 2310 quaesiti
588 2270 772 2298 causam.
811 2258 1025 2297 clarissima
1057 2257 1180 2295 forma

128 2324 196 2356 795
215 2317 507 2370 Multorumque
540 2318 614 2356 fuit
644 2329 734 2369 spes
767 2316 955 2356 invidiosa
985 2326 1198 2368 procorum
