1527 2580
577 125 644 161 XII
660 153 668 171 ,
696 129 883 162 132—205
898 155 904 161 .
1044 138 1196 163 casusne
1329 127 1414 170 243

188 235 287 277 Cum
318 236 375 276 sic
406 235 549 275 Nestor
580 237 663 276 ait:
694 232 840 275 ‘vestro
873 236 948 276 suit
978 237 1119 276 unicus
1151 248 1243 276 aevo

102 303 168 336 1⁷0
188 293 444 347 Contemptor
476 295 571 333 ferri
603 294 789 346 nulloque
822 294 996 334 forabilis
1027 296 1107 334 ictu

188 352 373 405 Cygnus.
412 358 450 392 at
481 354 564 404 ipse
598 352 689 392 olim
720 354 935 405 patientem
962 353 1122 392 vulnera
1152 353 1258 393 mille

187 411 362 464 Corpore
394 423 473 450 non
505 411 609 450 laeso
640 411 910 451 Perrhaebum
943 411 1093 451 Caenea
1124 412 1226 465 vidi;

187 469 338 510 Caenea
368 468 636 509 Perrhaebum
655 502 666 523 ,
700 472 767 521 qui
798 471 912 510 sactis
943 470 1100 510 inclitus
1133 470 1285 522 Othryn

186 528 382 568 Incoluit.
422 540 578 580 quoque
610 528 649 568 id
681 530 824 568 mirum
856 530 979 580 magis
1011 534 1116 569 esset
1146 530 1186 568 in
1217 529 1305 582 illo,

102 595 167 627 1⁷5
188 587 349 627 Femina
379 593 494 626 natus
521 592 606 626 erat
625 583 650 626 .'
688 589 855 627 monstri
886 589 1057 627 novitate
1090 588 1274 627 feruntur

187 645 375 697 Quisquis
395 645 528 698 adest,
554 651 767 697 narretque
787 652 927 697 rogant
946 678 954 685 .
982 658 1080 698 quos
1100 647 1204 685 inter
1223 645 1414 687 Achilles:

188 702 272 743 ‘Dic
304 716 373 756 age
392 735 403 757 ,
435 715 524 743 nam
556 706 708 744 cunctis
740 704 876 744 eadem
909 711 969 744 est
999 704 1134 744 audire
1167 704 1368 758 voluntas,

187 762 218 802 Ο
252 762 417 802 facunde
450 775 569 802 senex
587 794 599 815 ,
631 764 714 802 aevi
744 763 954 815 prudentia
984 765 1133 816 nostri,

188 821 285 867 Quis
317 821 437 861 suerit
469 820 645 861 Caeneus
663 853 675 874 ,
707 834 778 861 cur
809 824 850 861 in
882 823 1080 861 contraria
1110 834 1273 875 versus;

102 888 167 920 180
189 879 273 926 Qua
305 879 377 919 tibi
409 879 573 933 militia,
606 881 719 920 cuius
751 882 963 920 certamine
995 892 1149 933 pugnae

188 938 407 990 Cognitus3
439 951 460 977 a
492 950 569 990 quo
601 940 653 978 sit
684 940 810 978 victus
828 971 840 992 ,
872 941 905 978 si
937 940 1063 978 victus
1096 938 1143 978 ab
1176 939 1254 978 ullo
1287 945 1347 978 est
1361 935 1385 978 .’

187 997 289 1036 Tum
320 998 481 1036 senior:
514 994 706 1048 ‘quamvis
738 996 868 1036 obstet
898 997 994 1036 mihi
1025 997 1136 1036 tarda
1167 1003 1363 1050 vetustas,

186 1054 385 1107 Multaque
417 1067 478 1094 me
511 1055 662 1107 fugiant
692 1057 830 1108 primis
862 1061 1037 1107 spectata
1068 1055 1142 1095 sub
1174 1058 1309 1110 annis,

186 1113 304 1153 Plura
335 1119 465 1153 tamen
496 1115 685 1154 memini.
723 1126 796 1154 nec
829 1126 928 1166 quae
961 1115 1084 1166 magis
1114 1114 1274 1154 haereat
1304 1114 1393 1168 illa,

104 1180 169 1213 185
189 1171 357 1212 Pectore
388 1184 454 1212 res
486 1178 622 1211 nostro
654 1178 716 1211 est
746 1174 850 1212 inter
881 1172 1052 1224 bellique
1084 1172 1268 1224 domique

187 1232 282 1270 Acta
313 1235 399 1270 tot.
437 1242 481 1270 ac
507 1232 661 1282 siquem
691 1232 822 1282 potuit
853 1233 1022 1283 spatiosa
1054 1237 1238 1271 senectus

189 1289 461 1341 Spectatorem
492 1301 657 1341 operum
689 1289 905 1328 multorum
935 1289 1132 1343 reddere,
1162 1291 1240 1329 vixi

186 1348 320 1387 Annos
351 1347 412 1387 bis
444 1354 632 1401 centum3
664 1360 769 1387 nunc
800 1349 916 1387 tertia
947 1349 1091 1387 vivitur
1122 1353 1250 1388 aetas.

188 1405 300 1445 Clara
331 1405 473 1445 decore
506 1407 580 1446 fuit
610 1406 742 1459 proles
773 1405 921 1445 Elateia
953 1405 1115 1459 Caenis,

107 1473 171 1504 190
192 1464 465 1504 Thessalidum
498 1466 607 1516 virgo
637 1465 933 1518 pulcherrima,
963 1477 1114 1516 perque
1145 1466 1386 1517 propinquas

186 1523 342 1574 Perque
367 1529 455 1563 tuas
481 1522 601 1563 urbes
621 1545 676 1551 —-
696 1523 768 1563 tibi
793 1525 898 1563 enim
916 1523 1142 1576 popularis,
1169 1523 1341 1577 Achille,
1360 1546 1408 1553 —-

188 1581 404 1621 Multorum
435 1582 582 1621 frustra
613 1583 715 1621 votis
747 1587 877 1634 optata
907 1594 1144 1634 procorum.

187 1639 437 1692 Temptasset
467 1640 608 1680 Peleus
640 1640 829 1679 thalamos
862 1652 1018 1692 quoque
1052 1641 1214 1680 forsitan
1246 1641 1358 1695 illos;

189 1697 267 1738 Sed
297 1700 375 1738 iam
405 1703 474 1738 aut
504 1700 750 1750 contigerant
781 1698 837 1738 illi
869 1698 1036 1738 conubia
1068 1701 1226 1750 matris,

105 1764 170 1797 195
190 1757 268 1796 Aut
299 1757 455 1796 fuerant
485 1758 678 1808 promissa
696 1789 708 1809 ,
739 1763 855 1796 tuae.
896 1769 970 1796 nec
1002 1756 1140 1796 Caenis
1172 1759 1212 1796 in
1244 1757 1344 1797 ullos

187 1814 380 1867 Denupsit
411 1814 600 1854 thalamos
619 1846 628 1855 .
667 1821 897 1866 secretaque
929 1815 1042 1854 litora
1073 1827 1239 1867 carpens

188 1874 385 1925 Aequorei
416 1875 493 1913 vim
524 1885 637 1926 passa
669 1874 731 1913 dei
764 1879 853 1926 est;
884 1875 937 1913 ita
969 1874 1069 1913 fama
1101 1873 1272 1913 ferebat.

188 1931 317 1983 thue
350 1944 470 1971 novae
502 1931 664 1971 Veneris
696 1932 903 1984 Neptu-nus
934 1932 1073 1983 gaudia
1105 1934 1232 1985 cepit,

190 1987 310 2030 “Sint
340 1996 407 2030 tua
438 1995 527 2030 vota
557 1988 664 2030 licet'
696 1990 793 2030 dixit
825 1988 980 2030 ‘secura
1010 1990 1215 2042 repulsae:

102 2057 169 2090 200
188 2048 322 2101 Elige,
347 2049 440 2100 quid
466 2061 606 2089 voveas
627 2046 668 2088 .''
695 2050 831 2088 eadem
850 2049 925 2088 hoc
945 2061 1101 2101 quoque
1122 2050 1222 2089 sama
1241 2049 1392 2090 ferebat
1405 2081 1414 2090 .

188 2104 417 2158 “Magnum’
451 2107 589 2147 Caenis
621 2108 675 2146 ait
706 2104 814 2147 ‘facit
844 2107 940 2147 haec
972 2109 1115 2147 iniuria
1146 2113 1303 2162 votum,

192 2165 285 2205 Tale
315 2167 397 2217 pati
428 2165 483 2205 nil
513 2178 629 2217 posse
648 2197 659 2218 ,
691 2166 814 2205 mihi.
854 2166 930 2219 da,
962 2167 1105 2205 semina
1136 2179 1185 2206 ne
1217 2169 1314 2220 sim,

190 2223 328 2264 Omnia
358 2225 604 2276 praestiteris
624 2221 665 2263 .''
703 2226 881 2276 graviore
912 2226 1122 2264 novissima
1153 2225 1251 2265 dixit

190 2282 315 2322 Verba
347 2295 443 2322 sono
462 2314 474 2336 ,
504 2288 738 2334 poteratque
770 2284 843 2322 viri
874 2295 947 2322 vox
977 2283 1041 2323 illa
1072 2283 1220 2336 videri3

102 2348 170 2382 205
192 2340 302 2381 Sicut
328 2347 438 2380 erat.
471 2353 560 2381 nam
585 2342 660 2380 iam
687 2347 775 2381 voto
802 2341 898 2382 deus
925 2344 1106 2394 aequoris
1132 2343 1197 2382 alti
1246 2352 1273 2377 f.
1294 2350 1410 2377 clxxiv.

1061 2409 1130 2444 16*
