1527 2580
584 134 651 169 XII
666 163 674 178 ‚
700 138 883 170 eos—281
902 162 908 170 .
1036 147 1208 170 umus
1328 135 1415 177 245

106 252 171 283 245
192 243 349 284 Primus
381 243 621 295 Ophionides
653 245 821 296 Amycus
852 244 1066 297 penetralia
1097 244 1210 284 donis

192 301 304 342 Haud
337 304 465 342 timuit
498 302 665 354 spoliare
699 305 810 355 suis,
842 310 881 342 et
911 304 1062 354 primus
1093 303 1140 342 ab
1173 303 1267 342 aede

192 360 452 412 Lampadibus
483 360 648 400 densum
680 363 810 413 rapuit
841 362 970 401 funale
1002 359 1199 414 coruscis3

192 418 426 471 Elatumque
457 419 532 458 alte
551 452 563 472 ,
594 419 714 459 veluti
746 421 813 471 qui
845 420 1006 459 candida
1038 422 1141 460 tauri

194 477 391 530 Rumpere
423 479 598 518 sacrifica
630 478 790 518 molitur
822 479 917 518 colla
951 481 1105 532 securi,

107 545 172 576 250
194 536 306 576 lllisit
336 538 457 577 fronti
488 536 673 588 Lapithae
706 536 927 576 Celadontis
946 570 957 590 ,
989 544 1028 577 et
1059 549 1147 576 ossa
1404 549 1422 562 ⁸

192 595 280 634 Non
311 597 557 647 agnoscendo
591 596 752 635 confusa
783 596 972 647 relinquit
1001 598 1042 635 in
1075 608 1165 635 ore.

192 653 396 694 Exsiluere
429 654 561 707 oculi,
593 654 845 706 disiectisque
878 654 1033 694 ossibus
1066 656 1145 693 oris

192 713 287 752 Acta
317 719 426 752 retro
458 715 563 752 naris
594 713 802 764 medioque
835 720 896 753 est
926 714 1001 752 fixa
1030 713 1180 765 palato.

193 770 307 811 Hunc
337 772 437 824 pede
471 771 656 811 convulso
689 784 846 811 mensae
877 771 1057 811 Pellaeus
1089 783 1252 811 acernae

106 837 172 868 255
195 830 341 870 Stravit
371 830 480 870 humi
512 830 665 869 Pelates
697 830 849 870 deiecto
881 833 921 870 in
953 836 1113 882 pectora
1145 836 1300 883 mento,

194 888 370 940 Cumque
403 896 486 929 atro
519 891 661 928 mixtos
693 894 916 941 sputantem
949 891 1138 941 sanguine
1170 889 1307 928 dentes

195 946 363 987 Vulnere
394 947 600 987 Tartareas
632 949 827 998 geminato
859 949 980 987 mittit
1010 947 1057 986 ad
1090 947 1271 986 umbras.

194 1005 403 1045 Proximus
434 1013 478 1045 ut
509 1012 701 1058 steterat,
733 1012 915 1057 spectans
947 1006 1082 1045 altaria
1113 1006 1223 1044 vultu

194 1063 356 1103 Fumida
389 1063 556 1103 terribili
588 1061 691 1103 “cur
724 1061 817 1102 non'
850 1066 903 1103 ait
935 1061 1099 1103 ‘utimur
1131 1065 1216 1103 istis
1231 1060 1283 1102 ‘2”

107 1130 174 1161 260
195 1122 372 1173 Cumque
404 1124 486 1162 suis
519 1122 698 1173 Gryneus
729 1124 927 1161 inmanem
959 1122 1120 1161 sustulit
1150 1134 1256 1161 aram

196 1180 354 1232 ignibus
386 1188 426 1220 et
457 1180 631 1220 medium
662 1180 916 1231 Lapitharum
948 1182 1041 1219 iecit
1071 1182 1112 1219 in
1144 1193 1308 1233 agmen,

196 1238 478 1290 Repressitque
511 1239 608 1278 duos
627 1270 639 1291 ,
669 1238 839 1278 Brotean
872 1246 911 1278 et
942 1238 1093 1278 Orion.
1133 1238 1226 1278 Orio

195 1297 319 1336 Mater
352 1305 436 1336 erat
467 1297 611 1349 Mycale
631 1329 642 1349 ‚
674 1309 790 1348 quam
821 1297 1030 1336 deduxisse
1064 1297 1238 1337 canendo

197 1355 321 1408 Saepe
353 1356 563 1396 reluctanti
595 1355 799 1395 constabat
829 1368 976 1395 cornua
1007 1356 1145 1395 lunae.

109 1421 176 1452 265
198 1411 316 1453 “Non
346 1417 494 1466 inpune
527 1415 630 1454 feres
648 1446 660 1467 ‚
690 1415 758 1454 teli
790 1414 905 1453 modo
938 1416 1049 1466 copia
1080 1414 1196 1454 detur
1209 1411 1250 1454 !''

197 1472 355 1512 Dixerat
386 1472 556 1512 Exadius
574 1504 586 1525 ‚
617 1473 764 1524 telique
797 1473 915 1512 babet
944 1474 1068 1512 instar
1086 1505 1097 1526 ,
1128 1475 1169 1512 in
1201 1473 1276 1513 alta

198 1531 306 1576 Quae
337 1532 495 1571 fuerant
524 1533 620 1583 pinu
652 1533 771 1570 votivi
802 1543 950 1571 cornua
982 1533 1110 1571 cervi.

197 1589 349 1640 Figitur
379 1590 472 1629 hinc
503 1590 649 1641 duplici
681 1589 860 1642 Gryneus
891 1593 932 1629 in
963 1589 1111 1630 lumina
1142 1603 1276 1644 ramo,

197 1647 440 1699 Eruiturque
472 1648 608 1688 oculos
626 1680 638 1701 ,
669 1660 840 1700 quorum
870 1661 961 1700 pars
994 1648 1180 1688 cornibus
1212 1649 1371 1701 haeret,

110 1713 178 1745 270
198 1706 294 1745 Pars
324 1706 412 1746 ssuit
441 1709 482 1746 in
514 1706 674 1746 barbam
706 1713 967 1758 concretaque
1000 1709 1189 1758 sanguine
1220 1707 1389 1759 pendet.

198 1764 302 1804 Ecce
333 1766 435 1816 rapit
465 1765 604 1804 mediis
635 1765 863 1816 flagrantem
894 1765 1070 1805 Rhoetus
1102 1766 1149 1804 ab
1181 1767 1258 1805 aris

199 1823 439 1863 Pruniceum
469 1830 619 1863 torrem
637 1856 648 1875 ‚
680 1823 895 1875 dextraque
928 1836 949 1863 a
980 1830 1090 1875 parte
1123 1823 1288 1864 Charaxi

199 1881 393 1934 Tempora
423 1883 634 1934 perfringit
664 1881 768 1921 fulvo
799 1888 977 1934 protecta
1008 1882 1169 1934 capillo.

200 1939 381 1993 Correpti
411 1941 544 1992 rapida
562 1973 574 1993 ‚
605 1940 725 1980 veluti
756 1953 868 1992 seges
900 1940 1006 1980 arida
1024 1973 1035 1993 ,
1066 1941 1219 1981 flamma

113 2006 179 2037 275
201 2000 396 2039 Arserunt
426 2001 556 2039 crines
575 2031 586 2052 ‚
618 2005 658 2038 et
688 1999 850 2038 vulnere
884 2001 1043 2051 sanguis
1073 2001 1230 2040 inustus

200 2057 434 2097 Terribilem
465 2058 634 2097 stridore
667 2070 807 2097 sonum
839 2057 974 2110 dedit3
1005 2065 1050 2097 ut
1081 2058 1172 2097 dare
1205 2059 1353 2098 ferrum

199 2115 292 2167 igne
324 2115 472 2156 rubens
502 2116 735 2168 plerumque
768 2116 896 2169 solet,
927 2116 1033 2168 quod
1065 2117 1214 2168 forcipe
1248 2130 1366 2158 curva

201 2173 299 2213 Cum
331 2174 439 2214 faber
471 2175 634 2226 eduxit,
665 2174 828 2214 lacubus
860 2174 1059 2228 demittit,
1090 2182 1128 2215 at
1158 2175 1254 2215 illud

202 2232 350 2272 Stridet
381 2240 420 2272 et
451 2235 491 2272 in
524 2233 654 2285 tepida
686 2245 950 2273 summersum
981 2233 1110 2273 sibilat
1139 2235 1266 2274 unda.

113 2298 180 2330 ⁴280
201 2290 365 2330 Saucius
398 2292 562 2331 hirsutis
593 2292 747 2331 avidum
778 2292 827 2331 de
859 2292 1034 2332 crinibus
1065 2295 1196 2344 ignem

200 2348 388 2402 Excutit,
419 2352 539 2402 inque
571 2362 729 2390 umeros
760 2350 880 2391 limen
910 2351 1052 2392 tellure
1083 2351 1284 2392 revulsum

108 1223 129 1245 ὀ
