1518 2501
106 70 259 106 XXVIII

106 182 146 219 in
183 193 230 219 ea
271 181 358 219 loca
395 179 563 218 conferri
598 177 775 227 videtur,
818 176 960 226 quibus
1005 176 1277 214 circumlatam
1318 174 1449 215 fuisse

104 242 247 289 poetae
278 251 374 278 aevo
406 238 584 277 videmus
615 236 657 274 in
686 236 775 274 Act.
796 236 923 285 apost.
943 243 1024 273 XIV
1047 237 1113 272 11.
1161 234 1304 273 Diniae
1335 234 1444 284 oppi-

106 298 200 335 dum
231 297 559 336 commemoratur
586 294 691 343 apud
715 294 874 332 Livium
905 294 945 331 in
975 294 1119 331 itinere
1151 305 1176 331 a
1207 291 1276 332 Cn.
1294 292 1448 332 Manlio

106 356 265 395 consule
291 368 312 394 e
337 354 575 403 Pamphylia
601 355 642 391 et
665 352 818 391 Pisidia
843 353 884 390 in
910 352 1110 390 Galatiam
1135 351 1298 402 directo,
1323 363 1446 401 quan-

105 417 192 452 tum
228 414 403 463 videtur,
443 412 550 450 haud
587 412 725 460 procul
762 423 786 449 a
816 411 1036 449 confinibus
1066 410 1262 460 Isauriae,
1301 409 1447 460 quibus

107 472 287 510 adiacent
322 472 472 521 Lystra
509 482 554 508 ac
584 469 728 508 Derbe.
779 470 850 508 sed
887 472 1022 508 tamen
1059 468 1243 518 displicet
1271 468 1349 507 loci
1379 467 1446 507 ob—

107 531 211 569 scuri
247 531 289 568 in
325 542 368 568 re
406 529 497 567 exili
533 529 681 567 mentio
720 530 761 566 et
796 529 949 567 incerta
985 527 1155 566 nominis
1185 527 1375 576 prosodia
1405 528 1448 565 et

107 589 210 638 quod
235 589 380 626 locutio
407 588 506 636 ipsa,
538 587 616 625 nisi
640 587 772 637 fallor,
797 588 927 636 magis
954 586 1004 624 ad
1029 586 1204 635 regionis
1227 585 1448 635 amplioris,

105 659 182 685 non
220 647 335 684 unius
368 646 548 695 oppiduli
584 645 773 683 indicium
803 645 962 684 videtur
1001 644 1308 684 accommodata.
1355 655 1446 693 pro-

105 705 308 754 baremus,
347 705 501 754 opinor,
538 704 714 742 notabile
746 704 907 752 aliquod
937 716 1080 742 nomen
1110 703 1287 752 positum
1317 703 1448 752 regio·

105 775 200 801 num
231 775 379 806 earum,
413 763 555 812 quibus
588 764 804 801 conventus
837 764 877 800 et
906 762 994 800 fora
1026 763 1213 811 agentem
1230 760 1448 799 Aemilium

105 822 284 860 Macrum
321 821 502 860 comitari
539 820 672 870 potuit
710 820 892 870 Ovidius;
930 820 1051 858 Trist.
1078 828 1095 858 Ι
1122 821 1227 868 834,
1263 819 1379 858 Pont.
1411 827 1447 858 11

108 882 162 919 10
195 882 263 918 21.
313 881 594 918 enumerantur
624 878 667 917 hi
699 880 914 918 conventus
947 879 1053 928 apud
1085 877 1315 917 Ciceronem
1345 878 1448 927 Epp.

106 939 157 976 ad
188 938 275 976 Att.
300 940 402 976 v221
441 939 463 975 9
503 940 543 976 et
579 937 754 975 Plinium
783 937 832 975 N.
859 938 897 976 h.
928 945 959 976 V
981 937 1063 976 105
1097 937 1148 975 ad
1183 938 1282 986 120,
1326 948 1448 986 quan-

106 999 193 1035 tum
218 997 294 1034 huc
318 996 532 1045 pertinent.
582 996 687 1045 quod
717 996 822 1033 enim
853 995 998 1034 dicitur
1028 995 1107 1034 illic
1137 1008 1173 1033 v.
1195 997 1292 1045 719,
1322 995 1448 1044 respi-

107 1054 161 1093 cit
192 1055 242 1093 ad
273 1055 383 1093 eolles
406 1055 592 1102 Plzryyios
623 1056 664 1093 et
693 1054 871 1101 Pelopeia
902 1066 1000 1092 arva
1033 1055 1114 1092 621
1151 1055 1251 1103 622;
1289 1053 1448 1104 Pelops,

108 1113 175 1162 qui
199 1114 335 1162 Phryx
366 1115 428 1150 est
459 1113 581 1150 etiam
612 1111 798 1161 Sophocli
829 1114 869 1150 et
893 1112 1110 1161 Herodoto,
1142 1112 1279 1162 Sipylo
1310 1114 1448 1151 tamen

106 1172 359 1220 potissimum
390 1171 439 1208 ab
470 1171 529 1209 Ilo
561 1170 724 1221 Phryge
764 1170 996 1221 expellitur,
1032 1170 1151 1209 Paus.
1177 1179 1212 1208 11
1233 1171 1286 1208 22
1315 1171 1360 1209 3:
1398 1170 1448 1210 de

108 1228 306 1270 anteriore
337 1229 540 1279 Phrygiae
570 1231 686 1278 parte
717 1229 973 1279 cogitandum
1003 1229 1098 1279 erit,
1137 1241 1256 1279 quam
1287 1228 1446 1278 quidem

107 1301 231 1337 prope
279 1290 407 1326 totam
454 1299 556 1325 unus
602 1289 820 1326 conventus
864 1286 1116 1337 Cibyraticus
1159 1287 1449 1337 complectitur.

111 1344 263 1395 Κιβύρα
294 1342 416 1384 πόλις
448 1343 554 1394 πρὸς
584 1341 714 1384 νότον
747 1341 1007 1394 Μαιάνδρου,
1048 1341 1225 1395 Κιβύρας
1255 1341 1447 1394 ἀδελφὸς

110 1403 322 1454 Μαρεύου,
351 1404 457 1453 apud
482 1404 770 1442 Herodianum:
801 1404 942 1454 Polyb.
962 1413 1065 1443 xxn
1081 1407 1148 1454 17,
1174 1404 1318 1444 Strabo
1343 1405 1450 1444 libro

110 1471 196 1501 XIII
228 1465 325 1501 extr.
374 1462 601 1511 prosodiam
631 1463 752 1500 habet
776 1462 969 1501 Horatius
994 1463 1066 1512 Ep.
1087 1471 1104 1501 I
1125 1464 1149 1501 6
1178 1464 1246 1502 33.
1293 1463 1449 1503 littera-

110 1522 224 1559 turae
255 1522 546 1570 merovingicae
583 1521 621 1558 th
657 1521 754 1559 satis
787 1521 915 1559 simile
946 1523 1008 1560 est
1040 1521 1219 1570 syllabae
1250 1522 1307 1560 cib
1339 1534 1448 1561 caro·

109 1580 289 1629 lingicae.
421 1576 504 1618 829
550 1586 846 1627 INMENSAQUE
890 1587 1100 1618 VISCERE.
1160 1582 1312 1619 uiscera
1353 1581 1451 1620 libri

110 1650 257 1688 omneS‚
289 1638 373 1676 sine
405 1649 532 1676 sensu.
593 1638 754 1676 restitui
783 1638 1148 1687 frequentissimam
1177 1640 1449 1689 transpositae

110 1697 273 1746 copulae
298 1696 480 1746 figuram.
620 1696 875 1735 Coniecturas
896 1697 995 1736 alias
1015 1699 1177 1747 praeter
1195 1697 1449 1748 Heinsianas,

109 1754 174 1793 vix
205 1754 302 1794 satis
335 1757 476 1804 certas,
510 1756 593 1792 724
628 1756 712 1793 750
745 1756 867 1804 recipi
897 1768 977 1795 non
1006 1756 1178 1794 memini.
1218 1768 1265 1794 ex
1294 1757 1328 1794 Ε
1356 1756 1449 1796 dedi

110 1815 246 1853 vra-29
298 1812 352 1853 59
405 1815 459 1852 60
499 1813 549 1852 Ut
579 1826 650 1863 pro
682 1814 746 1851 Et.
796 1816 861 1862 Qui
890 1816 925 1853 si
956 1815 1140 1853 fortassis
1172 1814 1206 1856 E
1238 1815 1341 1854 alter
1373 1815 1451 1854 sub

111 1883 187 1909 ras.
239 1872 290 1909 61
324 1882 427 1920 mea,
457 1872 492 1911 si
519 1871 562 1910 id
593 1872 856 1911 omissumin
880 1873 934 1922 M,
967 1874 1202 1923 (maceret
1231 1873 1273 1911 in
1303 1874 1451 1912 latiore

111 1941 187 1968 ras.
224 1929 346 1968 habet
395 1931 448 1968 63
486 1941 672 1978 superare
719 1932 811 1970 ante
861 1943 1043 1970 rasuram
1085 1932 1127 1970 in
1169 1931 1245 1970 ME
1287 1932 1451 1971 videtur

111 1987 233 2025 fuisse
276 1999 474 2035 superasse
525 1990 606 2027 123
642 1991 793 2038 yeneris
835 1990 878 2028 et
917 2001 1035 2029 uerus
1070 2003 1143 2039 pro
1174 2003 1210 2030 v.
1236 2001 1310 2029 scr.
1362 1992 1444 2029 141

114 2047 195 2084 146
222 2046 385 2084 Heinsio
412 2048 531 2096 teste3
562 2060 640 2086 non
664 2048 749 2097 ipse
774 2049 911 2087 notavi
964 2050 1044 2087 162
1078 2049 1319 2088 Maecmdros
1362 2050 1448 2088 266

111 2105 275 2143 adorant
324 2105 406 2143 278
432 2115 498 2154 pr.
525 2107 565 2144 et
590 2107 774 2145 latlzoz‘dos
799 2102 858 2158 <M
884 2102 1059 2160 latoides)
1110 2109 1193 2147 281
1227 2119 1359 2147 oeneos
1383 2102 1451 2160 (ut

112 2162 231 2200 etiam
268 2157 320 2214 L)
377 2164 459 2202 283
512 2165 593 2202 298
627 2176 716 2202 cum
739 2166 780 2203 M
806 2167 846 2204 et
876 2166 1013 2215 paucis
1069 2167 1154 2206 301
1191 2179 1229 2205 v.
1268 2166 1449 2215 spurium

110 2223 202 2269 post
235 2222 316 2259 317
351 2233 424 2259 om.
476 2223 557 2260 323
584 2225 714 2270 possis
744 2236 832 2262 cum
863 2225 916 2274 M,
949 2225 1053 2274 quod
1083 2223 1230 2263 rectius
1262 2224 1358 2263 olim
1387 2236 1448 2263 re-

111 2290 292 2328 ceperam
325 2281 405 2318 351
424 2274 546 2331 (ferro
561 2276 621 2332 M)
654 2282 738 2320 514
772 2283 854 2321 533
890 2284 972 2322 563
995 2283 1450 2323 Z'lacunabant.o.armc·
