1538 2496
191 90 277 133 204
440 104 581 127 nummu
741 88 956 125 METAMM
970 114 980 124 .

309 201 460 253 Corpus
492 206 604 240 erat:
636 199 780 238 saliunt
810 203 1019 250 temptatae
1051 198 1191 250 pollice
1222 210 1365 238 venae.
1401 205 1528 234 noim.

220 267 288 301 290
308 260 408 299 Tum
440 271 531 298 vero
563 257 734 309 Paphius
765 256 990 309 plenissima
1023 258 1195 309 concipit
1224 256 1342 296 heros

308 318 433 357 Verba
450 348 462 370 ‚
495 315 637 367 quibus
669 315 813 355 Veneri
843 321 973 367 grates
1006 317 1111 368 agit,
1143 327 1289 366 oraque
1321 314 1477 355 tandem

309 376 386 416 Ore
418 387 489 415 suo
521 386 600 413 non
632 374 727 413 falsa
757 376 930 426 premit:
962 373 1129 426 dataque
1161 373 1293 413 oscula
1323 375 1431 425 virgo

310 434 471 486 Sensit,
504 439 543 472 et
574 432 735 472 eruhuit
751 464 763 486 ‚
794 433 1053 484 timidumque
1085 432 1132 472 ad
1162 431 1310 471 lumina
1339 431 1470 472 lumen

307 491 498 531 Attollens
529 492 677 543 pariter
709 504 800 531 cum
832 491 937 530 caelo
970 490 1066 530 vidit
1097 496 1313 530 amantem.

220 559 286 591 295
308 550 497 601 Coniugio
516 582 528 603 ,
561 550 666 601 quod
697 550 791 589 fecit
807 582 819 602 ,
849 549 961 589 adest
992 549 1064 589 dea
1083 580 1092 588 .
1131 551 1287 601 iamque
1320 550 1464 589 coactis

308 608 501 648 Cornibus
533 610 573 647 in
604 608 764 660 plenum
796 610 958 648 noviens
989 607 1193 647 lunaribus
1225 607 1362 647 orbem

309 667 376 707 lna
407 667 567 719 Paphon
600 668 764 720 genuit,
797 667 844 706 de
877 679 953 718 qua
985 673 1094 706 tenet
1126 666 1252 706 insula
1283 678 1448 706 nomen.

366 725 506 765 Editus
538 725 610 765 hac
641 726 705 765 ille
738 731 827 778 est,
860 727 956 778 qui,
988 727 1021 764 si
1052 726 1136 764 sine
1168 724 1278 777 prole
1309 725 1472 777 fuisset,

306 785 414 824 luter
446 784 581 823 felices
614 783 776 835 Cinyras
807 785 1002 835 potuisset
1031 782 1191 823 haberi.

219 852 287 884 300
307 843 398 883 Dira
417 855 553 882 canam
573 873 581 883 .
613 842 753 895 procul
777 842 869 881 hinc
888 847 1001 882 natae
1019 874 1031 895 ‚
1062 841 1201 894 procul
1221 847 1305 882 este
1323 847 1529 894 parentes.

305 903 411 955 Aut,
443 914 528 941 mea
560 903 594 940 si
624 907 774 941 vestras
805 901 1036 941 mulcebunt
1067 902 1239 940 carmina
1269 906 1445 953 mentes,

306 961 416 1000 Desit
445 962 487 1000 in
518 960 590 999 hac
623 960 718 999 mihi
748 966 860 1011 parte
892 960 988 999 fides
1007 992 1018 1013 ‚
1050 972 1123 999 nec
1156 958 1305 999 credite
1338 960 1507 1012 fact-um3

307 1019 404 1072 Vel,
437 1020 470 1058 si
502 1018 701 1071 credetis,
733 1019 826 1058 facti
857 1031 1014 1070 quoque
1047 1018 1194 1058 credite
1224 1029 1414 1070 poenam.

218 1086 287 1118 304
308 1078 350 1117 Si
381 1083 511 1117 tamen
544 1078 758 1117 admissum
791 1079 884 1116 sinit
914 1077 989 1116 hoc
1021 1082 1160 1116 natura
1190 1076 1338 1130 videri,

218 1145 286 1176 306
308 1136 491 1175 Gratulor
521 1136 614 1175 huic
645 1141 774 1175 terrae
792 1167 804 1189 ,
837 1135 948 1187 quod·
973 1135 1084 1175 abest
1113 1134 1341 1187 regionibus
1371 1134 1473 1188 illis,

308 1195 414 1241 Quae
445 1200 599 1234 tantum
631 1206 803 1246 genuere
835 1195 973 1234 nefas.
1012 1195 1064 1233 sit
1095 1194 1202 1233 dives
1233 1205 1409 1247 amomo,

307 1253 571 1304 cinnamaque
604 1258 837 1304 costumque
870 1265 986 1292 suum
1017 1252 1232 1304 sudataque
1263 1252 1369 1304 ligno

306 1312 412 1351 Tura
444 1313 544 1351 ferat
563 1344 573 1363 ‚
605 1311 802 1363 floresque
835 1311 930 1351 alios
961 1311 1155 1351 Panchaia
1185 1310 1327 1363 tellus,

218 1379 286 1410 310
306 1370 408 1410 Dum
439 1371 539 1409 ferat
571 1376 610 1409 et
641 1382 842 1410 murram.
880 1371 979 1410 tanti
1010 1382 1109 1409 nova
1139 1382 1220 1409 non
1250 1370 1325 1409 suit
1354 1368 1492 1408 arbor.

305 1429 393 1481 Ipse
425 1435 542 1480 negat
572 1430 754 1468 nocuisse
786 1428 858 1468 tihi
889 1441 960 1468 sua
990 1429 1067 1468 tela
1099 1428 1274 1481 Cupido,

305 1486 490 1541 Myrrha,
521 1487 706 1538 facesque
737 1498 827 1526 suas
860 1499 881 1526 a
912 1488 1076 1526 crimine
1107 1487 1279 1526 vindicat
1307 1488 1407 1526 isto.

308 1546 449 1597 Stipite
481 1551 520 1585 te
554 1545 687 1597 Stygio
719 1545 960 1596 tumidisque
991 1545 1146 1585 adflavit
1177 1545 1354 1585 echidnis

306 1604 337 1643 E
369 1604 498 1644 trihus
529 1616 608 1644 una
639 1616 780 1643 soror.
819 1604 948 1643 scelus
980 1610 1041 1643 est
1071 1603 1201 1643 odisse
1231 1608 1460 1656 parentem:

217 1671 285 1703 315
305 1663 379 1702 Hic
411 1675 519 1702 amor
552 1668 613 1702 est
643 1662 732 1702 odio
764 1664 889 1702 maius
922 1662 1051 1702 scelus
1070 1693 1079 1702 .
1117 1662 1292 1714 undique
1322 1662 1415 1702 lecti

306 1721 362 1761 Te
395 1723 560 1773 cupiunt
590 1733 777 1773 proceres
795 1753 808 1775 ,
838 1726 1000 1773 totoque
1033 1723 1184 1761 oriente
1215 1722 1374 1760 iuventa

305 1780 363 1819 Ad
394 1780 552 1820 thalami
584 1785 783 1819 certamen
815 1779 926 1820 adest
944 1810 953 1819 .
991 1792 1039 1820 ex
1070 1779 1250 1820 omnibus
1280 1791 1403 1819 unum

305 1838 415 1891 Elige
433 1871 445 1892 ‚
476 1839 632 1890 Myrrha
649 1870 661 1891 ‚
691 1840 819 1878 virtim
839 1852 848 1878 :
881 1839 974 1878 dum
993 1827 1119 1878 {hit
1136 1840 1179 1878 in
1203 1838 1386 1878 omnihus
1404 1849 1530 1878 unus.

306 1897 374 1936 llla
405 1898 565 1949 quidem
597 1899 745 1950 sentit,
776 1897 970 1948 foedoque
1001 1903 1196 1949 repugnat
1226 1898 1373 1949 amori,

219 1964 286 1996 320
306 1955 357 1994 Et
388 1969 523 1996 secum
556 1953 665 2007 “quo
697 1961 828 1995 mente
860 1956 967 1995 feror
985 1953 1008 1996 ⁴?
1039 1956 1133 2007 quid
1163 1951 1360 1995 molior?
1383 1956 1531 2007 inquit:

308 2011 369 2052 ‘Di
387 2046 398 2066 ‚
428 2028 572 2066 precor
590 2047 601 2067 ‚
633 2020 672 2054 et
702 2015 832 2054 Pietas
850 2046 862 2067 ,
893 2020 1122 2067 sacrataque
1154 2016 1241 2054 iura
1270 2020 1501 2067 parentum,

306 2071 389 2111 Hoc
420 2073 626 2124 prohibete
657 2074 767 2112 nefas
785 2105 798 2126 ,
829 2072 1049 2125 scelerique
1079 2075 1253 2113 resistite
1284 2078 1443 2113 nostro:

308 2129 350 2169 Si
381 2136 510 2170 tamen
541 2132 616 2171 hoc
647 2132 777 2171 scelus
803 2137 891 2171 est.
929 2132 999 2172 sed
1031 2134 1136 2171 enim
1155 2132 1339 2171 damnare
1370 2136 1530 2184 negaret

306 2187 416 2227 Hanc
447 2189 640 2229 Venerem
670 2190 801 2230 Pietas
821 2221 830 2230 .
868 2196 1014 2230 coeunt
1044 2191 1222 2230 animalia
1253 2189 1360 2230 nullo

219 2255 286 2286 325
309 2246 447 2286 Cetera
480 2248 654 2301 dilectu,
687 2261 760 2288 nec
791 2248 959 2289 habetur
991 2255 1107 2302 turpe
1137 2251 1325 2289 iuvencae

305 2305 425 2345 Ferre
457 2312 610 2358 patrem
642 2312 784 2359 terg03
814 2308 858 2347 fit
889 2320 990 2360 equo
1022 2320 1093 2348 sua
1123 2308 1201 2348 filia
1232 2309 1424 2361 coniunx,
