1527 2580
540 121 623 156 XII'I
640 148 647 164 ,
674 124 860 156 234-306
875 147 883 155 .
1030 133 1152 156 uuxns
1291 120 1376 163 263

156 232 379 272 Detractare
412 243 541 270 meum
576 237 663 270 est.
703 231 769 270 sed
804 243 851 270 ne
884 231 1103 270 communia
1137 230 1242 269 solus

156 290 354 342 Occupet,
380 296 494 341 atque
516 289 683 341 aliquem
704 289 812 328 vobis
834 301 988 340 quoque
1010 289 1146 328 reddat
1164 288 1376 329 honorem.

157 349 340 401 Reppulit
371 348 574 387 Actorides
607 347 678 387 sub
712 349 877 399 imagine
911 354 1017 387 tutus
1048 347 1206 386 Achillis

155 407 278 446 Troas
311 406 356 446 ab
389 408 537 446 arsuris
570 418 659 446 cum
692 407 897 445 defensore
931 407 1095 445 carinis.

71 473 136 505 275
158 467 305 505 Ausum
338 467 454 504 etiam
486 464 690 504 Hectoreis
723 464 848 504 solum
881 476 1119 504 concurrere
1151 464 1237 504 telis

158 524 207 563 Se
240 530 380 576 putat,
413 523 556 562 oblitus
589 525 770 574 regisque
804 523 1027 574 ducumque
1059 525 1238 576 meique,

157 582 292 622 Nonus
324 584 363 621 in
396 582 553 634 officio,
587 588 625 620 et
656 581 851 633 praelatus
885 594 1046 621 munere
1080 584 1219 621 sortis.

158 641 233 680 Sed
268 646 396 679 tamen
430 646 592 679 eventus
625 646 775 679 vestrae
795 672 806 693 ,
839 640 1079 693 fortissime,
1110 652 1261 692 pugnae

158 699 255 745 Quis
288 696 401 738 suit?
433 704 493 738 est
525 698 669 738 Hector
701 698 865 738 violatus
898 698 1058 737 vulnere
1091 699 1219 738 nullo.

68 764 137 797 ‘280
157 758 216 796 Me
250 759 435 796 miserum
455 789 466 809 ,
498 763 643 808 quanto
677 769 795 808 cogor
826 758 1049 796 meminisse
1083 757 1216 796 dolore

157 816 363 867 Temporis
394 815 528 868 illius,
562 828 637 866 quo
672 815 830 854 Graium
863 827 1000 859 murus
1019 847 1030 868 ,
1061 815 1228 854 Achilles

157 873 400 914 Procubuit!
434 886 506 913 nec
538 886 598 913 me
632 874 812 913 lacrimae
845 873 1020 913 luctusve
1054 875 1216 913 timorve

158 932 408 985 Tardarunt,
441 934 533 983 quin
568 944 711 984 corpus
743 932 861 972 humo
894 931 1059 971 sublime
1092 933 1305 972 referrem.

159 991 228 1030 His
249 993 395 1031 umeris
414 1022 425 1043 ,
453 991 512 1029 his
530 1023 541 1043 ,
567 993 749 1043 inquam,
776 992 923 1029 umeris
945 1002 1014 1041 ego
1037 1003 1180 1042 corpus
1200 990 1359 1030 Achillis
1373 1024 1383 1044 ,

70 1057 138 1089 285
158 1049 208 1089 Et
239 1049 352 1089 simul
381 1061 485 1088 arma
512 1049 611 1088 tuli.
655 1061 754 1100 quae
782 1061 885 1088 nunc
913 1061 1068 1099 quoque
1096 1050 1199 1088 serre
1225 1049 1378 1089 laboro.

162 1108 263 1148 Sunt
294 1107 418 1160 mihi,
450 1120 547 1158 quae
581 1107 732 1147 valeant
762 1109 802 1146 in
834 1107 922 1146 talia
953 1107 1155 1160 pondera,
1187 1109 1310 1148 vires.

159 1166 230 1206 Est
261 1168 412 1205 animus
446 1171 552 1205 certe
585 1172 736 1205 vestros
768 1177 958 1205 sensurus
990 1166 1182 1205 honores.

161 1224 320 1264 Scilicet
350 1225 496 1264 idcirco
528 1236 599 1276 pro
631 1230 746 1276 gnato
780 1223 934 1263 caerula
965 1229 1089 1263 mater

160 1283 373 1323 Ambitiosa
406 1295 476 1322 suo
512 1284 584 1322 mit
601 1315 612 1336 ,
644 1289 688 1322 ut
720 1283 900 1322 caelestia
932 1282 1054 1335 dona,

73 1350 141 1382 290
160 1343 264 1381 Artis
297 1353 396 1394 opus
429 1347 587 1394 tantae,
620 1341 728 1380 rudis
761 1347 801 1380 et
832 1342 915 1380 sine
947 1347 1106 1392 pectore
1138 1341 1249 1381 miles

162 1397 387 1440 Indueret?
418 1412 546 1451 neque
579 1402 682 1439 enim
716 1399 830 1452 clipei
862 1399 1072 1438 caelamina
1104 1402 1231 1454 norit,

162 1458 361 1498 Oceanum
395 1464 435 1498 et
466 1465 591 1498 terras
623 1470 791 1509 cumque
825 1457 900 1496 alto
934 1457 1061 1497 sidera
1094 1458 1200 1497 caelo
1219 1490 1230 1511 ,

160 1516 444 1569 Pleiadasque,
477 1516 706 1568 Hyadasque
725 1548 736 1570 ,
768 1518 1048 1567 inmunemque
1080 1518 1261 1568 aequoris

1216 1575 1386 1628 Arcton,

161 1633 419 1685 Diversasque
452 1633 599 1686 urbes,
633 1633 877 1685 nitidumque
911 1633 1067 1672 Orionis
1099 1645 1256 1673 ensem.

74 1699 141 1732 295
162 1692 369 1744 Postulat,
400 1697 445 1731 ut
476 1693 631 1743 capiat,
664 1703 762 1742 quae
794 1703 871 1730 non
904 1691 1124 1743 intellegit,
1157 1703 1284 1731 arma.

162 1750 265 1797 Quid
299 1749 401 1802 quod
434 1762 495 1789 me
530 1749 617 1789 duri
650 1750 864 1801 fugientem
896 1761 1058 1788 munera
1090 1748 1181 1789 belli

162 1810 301 1861 Arguit
331 1810 488 1860 incepto
520 1819 652 1848 serum
684 1809 898 1847 accessisse
924 1807 1071 1860 labori,

163 1867 244 1907 Nec
276 1879 319 1906 se
350 1868 595 1919 magnanimo
629 1866 861 1906 maledicere
895 1868 1015 1905 sentit
1044 1864 1217 1906 Achilli?

165 1925 206 1965 Si
238 1925 441 1965 simulasse
473 1937 586 1965 vocas
619 1926 767 1964 crimen
786 1957 797 1978 ,
830 1924 1095 1964 simulavimus
1128 1924 1262 1965 ambo.

76 1991 144 2024 300
166 1983 207 2023 Si
239 1996 346 2024 mora
378 1996 450 2036 pro
483 1984 596 2036 culpa
628 1990 716 2036 est,
748 1995 819 2035 ego
853 1995 938 2022 sum
972 1984 1161 2022 maturior
1192 1983 1280 2023 illo.

163 2042 224 2082 Me
256 2043 318 2094 pia
351 2042 518 2082 detinuit
549 2043 719 2081 coniunx
738 2074 748 2094 ,
780 2043 841 2093 pia
873 2047 998 2081 mater
1029 2041 1241 2094 Achillem3

165 2100 373 2152 Primaque
406 2106 499 2140 sunt
529 2100 604 2140 illis
637 2100 723 2139 data
757 2106 961 2152 tempora,
993 2105 1123 2140 cetera
1156 2100 1286 2151 vobis.

165 2158 276 2198 Haud
309 2161 426 2198 timeo
445 2190 456 2212 ,
488 2160 521 2198 si
551 2161 627 2198 iam
660 2170 813 2210 nequeo
847 2158 1088 2212 defendere,
1120 2160 1270 2199 crimen

166 2216 263 2257 Cum
296 2222 403 2256 tanto
436 2229 642 2256 commune
673 2218 785 2256 viro.
825 2216 1044 2268 deprensus
1075 2216 1199 2257 Ulixis

78 2283 146 2316 305
166 2275 326 2327 Ingenio
361 2281 489 2314 tamen
522 2276 616 2315 ille:
648 2281 687 2314 at
718 2287 796 2314 non
828 2275 956 2315 Aiacis
987 2275 1141 2315 Ulixes.

165 2333 270 2374 Neve
302 2335 341 2374 in
374 2345 435 2374 me
468 2333 629 2373 stolidae
662 2335 834 2373 convicia
866 2333 1031 2374 fundere
1064 2334 1218 2385 linguae
