1507 2580
592 109 605 142 1
623 135 633 150 ,
658 111 843 142 252—325
860 135 867 144 .
1023 121 1217 143 nsucamox
1372 109 1396 149 9

179 217 375 256 indeiecta
407 216 536 269 malo,
569 217 723 256 eulmen
757 223 884 256 tamen
917 216 1029 255 altior
1060 217 1177 255 liuius

93 284 160 316 290
181 275 290 315 Unda
323 277 447 327 tegit,
479 287 715 326 pressaeque
749 275 869 314 latent
901 275 973 314 sub
1005 277 1158 326 gurgite
1192 281 1344 315 turres.

180 334 338 385 lamque
371 345 477 372 mare
515 340 554 372 et
592 334 706 372 tellus
745 334 894 372 nullum
933 333 1144 372 discrimen
1183 333 1399 374 habebant:

181 392 318 432 Omnia
351 398 494 443 pontus
527 398 665 431 erant.
705 392 867 431 deerant
898 405 1053 443 quoque
1085 392 1198 431 litora
1230 399 1371 443 ponto.

181 451 358 502 Occupat
387 450 451 490 hic
483 450 650 490 collem:
689 450 828 489 cumba
862 451 972 489 sedet
1002 451 1099 489 alter
1126 451 1273 489 adunca

180 509 230 548 Et
262 509 371 548 ducit
402 521 530 548 remos
562 509 640 548 illic
673 508 739 548 ubi
772 521 897 560 nuper
929 515 1078 561 ararat3

93 568 249 607 2⁹5111e
281 580 401 619 super
432 574 588 619 segetes
620 574 686 607 aut
717 579 866 606 mersae
900 567 1068 606 culmina
1099 567 1208 606 villae

180 626 369 678 Navigat,
400 626 463 665 hic
496 638 646 665 summa
678 628 825 677 piscem
857 626 1064 677 deprendit
1094 628 1134 665 in
1165 626 1294 678 ulmo,

181 684 332 736 Figitur
364 686 404 723 in
436 685 578 737 viridi,
611 686 644 723 si
676 685 756 723 fors
788 684 906 736 tulit,
938 696 1079 723 ancora
1109 691 1245 736 prat0,

181 744 259 782 Aut
289 743 465 782 subiecta
495 749 630 782 terunt
661 755 802 782 curvae
835 744 962 782 vineta
994 744 1170 782 carinae.

181 801 260 855 Et,
291 801 406 840 modo
439 813 515 853 qua
546 801 710 853 graciles
741 813 901 852 gramen
934 813 1114 852 carpsere
1142 801 1333 854 capellae,

95 868 163 899 300
182 860 295 899 Nunc
327 859 380 899 ibi
412 860 608 899 deformes
639 866 791 911 ponunt
822 872 892 898 sua
923 871 1088 910 corpora
1119 859 1288 910 phocae.

182 918 374 958 Mirantur
406 918 479 957 sub
512 930 611 969 aqua
641 918 751 957 lucos
784 917 980 968 urbesque
1014 918 1227 968 domosque

182 976 401 1016 NereIdes.
441 976 634 1028 silvasque
668 982 805 1015 tenent
835 975 1038 1026 delphines
1057 1007 1068 1028 ,
1101 982 1140 1014 et
1171 976 1258 1014 altis

182 1035 390 1074 Incursant
421 1037 568 1074 ramis,
591 1033 827 1086 [agitataque
860 1034 1001 1073 robora
1032 1033 1189 1085 pulsant
1203 1033 1230 1083 .]

181 1093 256 1133 Nat
286 1092 402 1145 lupus
434 1095 537 1132 inter
569 1105 689 1146 oves,
721 1093 847 1132 fulvos
880 1093 984 1131 vehit
1010 1092 1113 1132 unda
1144 1091 1301 1144 leones,

96 1158 163 1191 305
183 1151 294 1191 Unda
325 1152 431 1191 vehit
461 1153 611 1203 tigres.
651 1164 723 1190 nec
755 1153 857 1190 vires
889 1151 1062 1190 fulminis
1094 1163 1211 1203 apro,

184 1210 309 1249 Crura
340 1222 413 1249 nec
444 1210 570 1249 ablato
602 1216 769 1261 prosunt
799 1209 944 1248 velocia
977 1221 1115 1248 cervo.

185 1268 460 1319 Quaesitisque
487 1268 554 1308 diu
586 1270 704 1307 terris
722 1299 733 1320 ,
760 1267 828 1307 ubi
859 1269 998 1306 sistere
1031 1268 1170 1320 detur,

183 1326 227 1366 In
253 1339 360 1366 mare
391 1327 544 1366 lassatis
576 1326 745 1365 volucris
777 1338 872 1377 vaga
903 1325 1048 1364 decidit
1078 1325 1170 1365 alis.

176 1385 382 1425 Obruerat
412 1385 584 1425 tumulos
616 1387 794 1424 inmensa
824 1385 981 1423 licentia
1012 1385 1145 1436 ponti,

97 1451 165 1484 310
184 1443 475 1495 Pulsabantque
506 1445 596 1482 novi
627 1449 810 1494 montana
841 1444 1042 1482 cacumina
1067 1442 1234 1481 fluctus.

183 1502 348 1542 Maxima
377 1514 469 1554 pars
500 1502 605 1542 unda
636 1504 815 1553 rapitur:
848 1501 990 1552 quibus
1023 1500 1126 1540 unda
1157 1502 1357 1553 pepercit,

185 1560 275 1600 lllos
307 1561 420 1612 longa
452 1560 611 1600 domant
641 1562 749 1612 inopi
780 1561 925 1599 ieiunia
956 1561 1085 1598 victu.

246 1619 409 1671 Separat
439 1619 584 1658 Aonios
617 1618 772 1658 Oetaeis
804 1618 947 1657 Phocis
979 1617 1026 1656 ab
1059 1619 1183 1669 arvis,

185 1677 308 1717 Terra
334 1679 442 1717 ferax
460 1709 472 1731 ,
504 1678 597 1716 dum
628 1683 734 1716 terra
767 1677 869 1716 fuit:
902 1676 970 1715 sed
1002 1681 1179 1726 tempore
1210 1676 1251 1713 in
1282 1674 1346 1713 illo

98 1743 165 1776 315
185 1736 281 1775 Pars
313 1738 431 1775 maris
463 1741 503 1775 et
532 1736 634 1775 latus
666 1735 886 1774 subitarum
919 1746 1078 1785 campus
1110 1745 1322 1784 aquarum.

185 1794 297 1834 Mons
328 1794 382 1834 ibi
414 1794 626 1834 verticibus
656 1795 756 1845 petit
786 1793 931 1832 arduus
964 1798 1067 1831 astra
1099 1791 1275 1844 duobus,

185 1852 350 1892 Nomine
382 1853 608 1906 Parnasus,
640 1857 905 1904 superantque
938 1852 1139 1890 cacumina
1170 1849 1318 1889 nubes.

185 1911 259 1951 Hic
289 1910 358 1951 ubi
389 1911 600 1951 Deucalion
618 1942 629 1964 ,
661 1923 751 1949 nam
782 1916 912 1949 cetera
944 1913 1095 1948 texerat
1126 1920 1295 1960 aequor,

187 1969 285 2010 Cum
317 1976 499 2009 consorte
531 1971 609 2009 tori
639 1981 756 2021 parva
787 1974 870 2007 rate
902 1974 1038 2007 vectus
1069 1966 1266 2018 adhaesit,

99 2035 167 2067 320
188 2027 397 2080 Corycidas
429 2028 618 2080 nymphas
651 2033 690 2066 et
721 2028 880 2066 numina
912 2027 1055 2065 montis
1087 2025 1272 2076 adorant,

188 2086 478 2138 Fatidicamque
510 2086 676 2125 Themin
695 2117 707 2137 ‚
739 2097 838 2136 quae
865 2091 959 2124 tunc
991 2084 1119 2123 oracla
1150 2083 1329 2123 tenebat.

188 2145 274 2184 Non
304 2145 370 2184 illo
402 2145 540 2184 mellor
571 2146 778 2196 quisquam
809 2156 881 2182 nec
913 2144 1104 2183 amantior
1136 2143 1250 2193 aequi

189 2203 254 2242 Vir
286 2203 359 2242 fuit
377 2235 388 2256 ,
420 2208 488 2242 aut
512 2203 575 2241 illa
607 2203 845 2241 metuentior
877 2201 954 2241 ulla
985 2201 1172 2241 deorum.

187 2261 363 2314 Iuppiter
394 2267 439 2301 ut
468 2261 626 2313 liquidis
659 2266 837 2312 stagnare
863 2260 1069 2312 paludibus
1101 2259 1260 2311 orbem,

99 2327 167 2359 325
187 2319 238 2359 Et
269 2332 479 2372 superesse
512 2322 647 2362 virum,
669 2319 717 2358 de
751 2325 808 2358 tot
832 2319 946 2358 modo
980 2318 1136 2357 milibus
1169 2329 1313 2368 unum,
