1538 2496
90 120 174 162 232
331 131 486 154 :merom-2
640 115 854 151 METAMM
869 144 876 150 .

206 229 388 269 Nominat
418 228 614 279 Alcyonen
634 257 645 279 ‚
676 226 850 276 ipsisque
882 226 1145 264 inmurmurat
1174 223 1313 264 undis.

206 288 307 327 Ecce
341 299 459 338 super
490 284 640 324 medios
671 283 815 323 fluctus
847 285 959 335 niger
991 295 1105 322 arcus
1138 295 1326 335 aquarum

206 347 415 397 Frangitur
433 376 444 396 ‚
476 349 516 383 et
546 349 661 395 rupta
693 354 867 382 mersum
901 349 1017 394 caput
1048 341 1180 381 obruit
1211 342 1338 381 unda.

120 413 186 446 570
207 405 364 444 Lucifer
396 403 589 442 obscurus
608 433 619 454 ,
651 413 724 441 nec
757 413 874 453 quem
906 413 1143 452 cognoscere
1175 412 1312 453 posses
1323 431 1335 451 ,

207 463 273 502 Illa
304 463 391 502 luce
424 462 526 501 fuit:
559 462 821 512 quoniamque
855 460 1044 499 excedere
1078 459 1183 499 caelo

207 522 293 560 Non
325 521 464 573 licuit,
497 519 629 559 densis
661 521 758 559 texit
789 531 859 559 sua
891 518 1062 558 nubibus
1094 530 1184 558 ora.

265 579 393 618 Aeolis
424 580 576 618 interea
606 584 806 619 tantorum
837 579 971 630 ignara
1001 577 1194 617 malorum

206 639 436 678 Dinumerat
467 643 633 677 noctes:
665 643 704 677 et
734 639 810 676 iam
828 668 839 690 ‚
872 649 968 688 quas
999 637 1137 676 induat
1166 635 1255 688 ille,

120 705 186 737 575
207 697 381 737 Festinat
412 701 540 736 vestes
559 728 570 749 ‚
601 698 677 735 iam
710 708 806 747 quas
824 727 835 748 ‚
867 695 936 734 ubi
968 697 1119 734 venerit
1149 694 1237 746 ille,

206 756 293 808 Ipsa
324 761 462 808 gerat,
494 755 724 806 reditusque
757 754 832 793 sibi
862 755 1057 806 promittit
1087 755 1246 792 inanes.

208 814 400 854 Omnibus
430 814 495 854 il-la
527 814 686 865 quidem
718 814 872 865 superis
903 814 967 864 pia
998 818 1087 852 tura
1117 810 1292 851 ferebatt

207 874 305 913 Ante
338 879 469 913 tamen
501 869 664 912 cunctos
696 872 857 911 Iunonis
888 871 1033 923 templa
1063 869 1238 923 colebat,

208 932 364 983 Proque
396 934 478 971 viro
497 963 508 985 ,
540 933 608 983 qui
637 931 769 970 nullus
801 935 885 970 erat
902 962 913 983 ‚
944 929 1125 969 veniebat
1156 929 1203 968 ad
1235 939 1345 980 aras,

119 999 187 1031 580
208 991 336 1042 thue
369 991 472 1030 foret
504 1002 640 1042 sospes
672 991 843 1029 coniunx
875 1001 971 1028 suus
990 1020 1001 1041 ,
1032 994 1154 1040 utque
1186 987 1357 1037 rediret,
1403 993 1405 995 ’

208 1049 376 1101 Optabat
394 1081 405 1103 ,
437 1049 661 1100 nullamque
694 1048 769 1088 sibi
799 1048 1046 1100 praeferret.
1086 1053 1124 1086 at
1154 1046 1210 1085 illi

209 1108 292 1147 Hoc
324 1108 372 1147 de
404 1114 463 1147 tot
493 1109 593 1147 votis
625 1113 779 1159 poterat
811 1108 1040 1157 con-tingere
1073 1105 1220 1144 solum.

267 1167 316 1206 At
347 1167 419 1206 dea
450 1178 529 1205 non
560 1166 663 1205 ultra
693 1178 766 1217 pro
802 1165 937 1204 functo
970 1169 1097 1203 morte
1128 1164 1258 1214 rogari

209 1226 415 1278 Sustinet3
448 1231 569 1276 utque
602 1236 741 1263 manus
773 1224 948 1263 funestas
970 1228 1112 1264 ,arceat
1144 1223 1246 1273 aris,
1296 1256 1303 1263 .

121 1292 187 1325 585
210 1282 307 1338 ³114,
338 1280 463 1323 meae'
495 1283 592 1323 dixit
623 1280 824 1322 ‘fidissima
856 1283 993 1321 nuntia
1024 1283 1153 1334 vocis,

209 1343 297 1382 Vise
330 1343 587 1395 soporiferam
620 1341 756 1381 Somni
786 1340 972 1380 velociter
1004 1340 1154 1393 aulam,

209 1401 482 1453 Exstinctique
514 1400 605 1440 iube
639 1400 775 1452 Ceycis
806 1401 973 1451 imagine
1006 1400 1135 1438 mitta-t

211 1460 370 1499 Somnia
401 1460 449 1499 ad
480 1459 677 1510 Alcyonen
709 1470 822 1497 veros
855 1459 1054 1497 narrantia
1086 1469 1199 1496 casus
1214 1453 1239 1496 -’

209 1518 397 1558 Dixerat:
427 1518 605 1558 induitur
636 1517 825 1556 velamina
857 1516 962 1555 mille
994 1516 1172 1555 colorum

121 1585 189 1617 590
209 1577 283 1617 Iris
301 1609 313 1630 ‚
345 1583 385 1617 et
415 1582 575 1616 arcuato
607 1576 758 1615 caelum
790 1576 1015 1614 curvamine
1049 1576 1207 1626 signans

210 1636 330 1676 Tecta
361 1637 461 1688 petit
492 1636 590 1674 iussi
621 1634 694 1673 sub
727 1633 831 1673 nube
863 1633 1024 1673 latentia
1055 1634 1182 1684 regis.

270 1695 341 1734 Est
371 1706 495 1746 prope
528 1693 758 1733 Cimmerios
790 1693 906 1744 longo
939 1691 1126 1744 spelunca
1157 1703 1342 1745 recessu,

209 1754 322 1793 Mons
354 1765 471 1792 cavus
490 1784 502 1806 ‚
533 1754 662 1804 ignavi
693 1751 832 1790 domus
864 1755 903 1790 et
933 1750 1148 1802 penetralia
1181 1750 1338 1790 Somni:

212 1813 298 1858 Quo
331 1823 545 1863 numquam
575 1810 695 1850 radiis
726 1812 859 1849 oriens
890 1809 1097 1849 mediffie
1122 1809 1313 1848 cadensve

124 1877 191 1910 595
212 1871 395 1911 Phoebus
428 1871 534 1909 adire
566 1874 725 1921 potest.
764 1868 929 1908 nebulae
961 1868 1126 1919 caligine
1157 1869 1299 1907 mixtae

211 1929 451 1968 Exhalantur
482 1929 602 1968 humo
635 1927 854 1978 dubiaeque
886 1926 1118 1978 crepuscula
1149 1926 1270 1965 lucis.

212 1987 299 2027 Non
330 1987 421 2039 vigil
453 1987 532 2026 ales
564 1987 618 2026 ibi
651 1987 801 2026 cristati
833 1985 1013 2025 cantibus
1045 1986 1125 2024 oris

213 2046 359 2085 Evocat
389 2046 581 2085 Auroram
599 2077 610 2099 ,
642 2058 715 2085 nec
746 2057 841 2084 voce
873 2044 1027 2083 silentia
1056 2050 1247 2096 rumpunt

215 2104 426 2143 Sollicitive
458 2117 574 2143 canes
607 2103 816 2143 canibusve
850 2104 1025 2155 sagacior
1057 2114 1195 2142 anser.

126 2171 194 2203 600
215 2163 301 2201 Non
334 2163 445 2214 sera,
477 2175 556 2201 non
587 2163 759 2214 pecudes
778 2193 790 2214 ,
821 2174 901 2201 non
932 2163 1030 2200 moti
1059 2161 1214 2200 flamine
1247 2161 1367 2211 rami,

214 2220 461 2260 Humanaeve
495 2233 635 2260 sonum
666 2221 838 2261 reddunt
869 2221 1042 2259 convicia
1072 2220 1249 2271 linguae.

214 2279 320 2318 Muta
353 2280 464 2330 quies
495 2279 670 2319 habitat.
710 2292 801 2318 saxo
835 2286 964 2318 tamen
996 2280 1077 2318 exit
1108 2278 1154 2317 ab
1185 2280 1292 2319 imo.

214 2338 335 2377 Rivus
362 2349 482 2389 aquae
508 2336 652 2377 Lethes
671 2369 682 2390 ,
713 2350 786 2390 per
811 2350 928 2390 quem
955 2349 1045 2377 cum
1070 2348 1274 2376 murmure
1304 2335 1438 2375 labens
