1527 2580
599 145 670 189 xl,
698 148 883 180 714—785
900 173 906 179 .
1049 158 1200 180 [muers
1344 146 1427 188 237

264 255 344 295 nos
376 254 515 307 aliquis
548 256 680 294 senior
710 256 874 294 iunctim
907 255 1007 294 freta
1038 254 1113 294 lata
1145 256 1318 295 volantes

118 321 184 354 ’150
206 314 365 366 Spectat
384 346 395 367 ‚
427 321 467 353 et
498 313 544 352 ad
577 314 693 352 [inem
726 321 898 353 servatos
931 314 1061 353 laudat
1092 326 1267 353 amores.

204 373 435 425 Proximus,
461 379 529 412 aut
551 372 677 425 idem,
704 374 737 411 si
764 374 843 411 sors
870 372 981 425 tulit,
1009 371 1086 412 ‘hic
1113 385 1269 426 quoque
1283 370 1309 426 ,⁹
1337 374 1430 413 dixit

205 429 347 477 ‘Quem
378 443 485 471 mare
518 437 744 483 carpentem
771 431 1060 482 substrictaque
1088 444 1203 471 crura
1229 439 1429 484 gerentem

204 490 356 542 Aspicis
366 487 393 544 ‚'
410 512 464 518 —
486 490 697 529 ostendens
718 492 933 541 spatiosum
953 493 992 529 in
1013 497 1171 541 guttura
1186 503 1363 542 mergum
1376 513 1429 518 —

205 546 340 600 ‘Regia
370 551 608 601 progenies.
648 556 740 588 sunt
758 581 768 601 ‚
801 551 833 588 si
866 549 1104 588 descendere
1139 549 1185 588 ad
1216 551 1345 601 ipsum

118 615 184 646 755
206 607 353 647 Ordine
384 614 577 660 perpetuo
611 609 796 660 quaeris,
829 614 922 647 sunt
953 608 1069 646 liuius
1101 610 1210 659 origo

204 666 283 705 llus
315 672 355 706 et
385 667 598 706 Assaracus
631 673 844 718 raptusque
876 666 956 705 Iovi
988 666 1230 718 Ganymedes

203 724 506 777 Laomedonque
539 737 658 764 senex
691 724 948 776 Priamusque
980 726 1189 764 novissima
1221 725 1359 765 Troiae

204 783 400 836 Tempora
431 786 623 823 sortitus.
663 784 784 822 frater
816 785 890 823 suit
920 784 1101 823 Hectoris
1133 786 1231 824 iste:

205 841 282 888 Qui
313 844 389 882 nisi
421 844 611 882 sensisset
641 845 766 894 prima
798 848 895 882 nova
927 843 1003 882 sata
1039 845 1220 896 iuventa,

119 908 185 940 760
205 900 385 941 Forsitan
417 902 582 940 inferius
615 913 693 940 non
725 901 894 940 Hectore
927 914 1069 941 nomen
1101 901 1288 955 haberet3

206 960 388 1006 Quamvis
421 967 481 1000 est
512 960 621 999 illum
653 960 783 1011 proles
816 962 928 999 enixa
960 960 1185 1012 Dymantis,

203 1020 379 1058 Aesacon
410 1018 595 1058 umbrosa
628 1019 764 1058 furtim
795 1020 998 1071 peperisse
1030 1019 1103 1057 sub
1136 1018 1201 1058 Ida

204 1077 347 1117 Fertur
378 1077 585 1117 Alexirhoe
604 1108 616 1131 ‚
648 1077 814 1117 Granico
847 1084 935 1117 nata
967 1077 1143 1117 bicorni.

205 1135 351 1175 Oderat
382 1136 445 1175 hic
478 1135 596 1175 urbes
615 1168 626 1187 ,
658 1135 857 1187 nitidaque
890 1142 1066 1176 remotus
1098 1135 1145 1175 ab
1177 1136 1263 1176 aula

119 1202 184 1234 765
206 1194 390 1234 Secretos
422 1201 575 1234 montes
608 1201 647 1234 et
677 1194 924 1234 inambitiosa
957 1194 1109 1234 colebat

204 1253 340 1306 Rura,
372 1265 443 1292 nee
476 1253 612 1292 Iliacos
645 1250 781 1292 coetus
812 1255 888 1292 nisi
920 1265 1033 1292 rarus
1065 1253 1215 1292 adibat.

205 1311 293 1351 Non
324 1318 477 1364 agreste
509 1318 639 1351 tamen
672 1324 745 1351 nec
776 1311 1077 1363 inexpugnabile
1110 1313 1233 1351 amori

204 1370 348 1410 Pectus
379 1370 557 1423 habens,
588 1370 702 1410 silvas
735 1377 925 1422 captatam
958 1383 1073 1438 saepe
1105 1383 1176 1422 per
1207 1382 1344 1410 omnes

204 1430 354 1481 Aspicit
384 1429 602 1481 Hesperien
634 1431 758 1481 patria
792 1428 1009 1468 Cebrenida
1042 1431 1150 1482 ripa,

120 1496 185 1527 770
206 1487 375 1527 iniectos
407 1490 555 1527 umeris
587 1489 800 1527 siccantem
832 1487 912 1527 sole
946 1488 1128 1540 capillos.

205 1546 293 1586 Visa
325 1547 425 1599 sugit
456 1546 625 1598 nymphe
643 1578 654 1598 ‚
686 1546 807 1586 veluti
838 1548 1049 1598 perterrita
1081 1546 1230 1586 fulvum

206 1605 327 1645 Cerva
358 1605 494 1657 lupum
513 1637 524 1658 ‚
556 1605 749 1657 longeque
781 1604 867 1645 lacu
901 1605 1092 1657 deprensa
1124 1605 1261 1645 relicto

206 1665 443 1716 Accipitrem
474 1664 638 1703 fluvialis
670 1675 790 1703 anas.
831 1675 946 1715 quam
979 1664 1121 1702 Troius
1153 1663 1271 1703 heros

206 1722 431 1773 Insequitur
449 1754 460 1775 ,
493 1722 740 1773 celeremque
773 1728 881 1761 metu
914 1722 1018 1761 celer
1049 1728 1194 1773 urguet
1225 1734 1379 1761 amore.

120 1788 185 1820 ‘175
206 1780 307 1820 Ecce
340 1781 464 1820 latens
496 1780 617 1820 herba
649 1780 812 1820 coluber
844 1781 1030 1832 fugientis
1063 1781 1214 1820 adunco

206 1839 330 1879 Dente
362 1839 503 1891 pedem
534 1840 720 1891 strinxit,
752 1840 938 1890 virusque
970 1840 1010 1878 in
1042 1851 1208 1891 corpore
1240 1840 1377 1891 liquit.

207 1897 306 1938 Cum
337 1899 414 1937 vita
446 1897 656 1950 subpressa
688 1898 778 1949 suga
810 1904 871 1937 est
890 1929 899 1937 .
937 1897 1186 1949 amplectitur
1218 1910 1352 1938 amens

206 1955 464 2009 Exanimem,
497 1957 713 2008 clamatque
747 1953 884 2008 “piget
902 1988 912 2009 ,
944 1958 1051 2007 piget
1082 1969 1168 1996 esse
1201 1955 1404 1996 secutum!

209 2015 285 2055 Sed
317 2027 396 2055 non
427 2015 502 2055 hoc
533 2017 675 2067 timui,
707 2027 780 2054 nec
812 2022 896 2054 erat
927 2014 1022 2054 mihi
1053 2017 1210 2055 vincere
1241 2017 1363 2055 tanti.

121 2081 188 2114 '180
207 2073 454 2113 Perdidimus
485 2075 668 2114 miseram
699 2085 772 2113 nos
804 2080 849 2127 te
875 2073 982 2113 duo:
1014 2073 1155 2113 vulnus
1187 2073 1234 2113 ab
1268 2086 1417 2127 angue,

207 2133 237 2171 A
269 2144 331 2171 me
364 2144 479 2172 causa
512 2132 600 2172 data
631 2139 719 2172 est.
759 2144 830 2184 ego
863 2144 950 2172 sum
982 2132 1211 2172 sceleratior
1243 2133 1334 2173 illo:

209 2190 285 2237 Qui
316 2190 387 2230 tibi
419 2196 545 2230 morte
578 2203 663 2230 mea
695 2192 833 2230 mortis
865 2191 1007 2230 solacia
1038 2193 1190 2231 mittam
1204 2188 1245 2231 .''

207 2249 342 2303 Dixit,
374 2255 413 2288 et
444 2261 465 2288 e
497 2249 688 2302 scopulo,
720 2261 796 2301 qua
828 2262 945 2290 rauca
977 2249 1188 2290 subederat
1218 2250 1345 2302 unda,

210 2307 260 2347 Se
293 2307 400 2347 dedit
430 2309 470 2347 in
502 2314 694 2360 pontum.
732 2307 878 2361 Tethys
909 2309 1092 2348 miserata
1125 2309 1327 2348 cadentem

121 2372 188 2405 ‘185
208 2365 376 2406 Molliter
397 2368 574 2420 excepit,
600 2373 836 2420 nantemque
861 2379 933 2420 per
953 2379 1123 2420 aequora
1149 2369 1289 2420 pennis
1309 2375 1335 2401 r.
1348 2375 1430 2401 clxx.
