<?xml version="1.0" encoding="UTF-8"?>
<!DOCTYPE html PUBLIC "-//W3C//DTD XHTML 1.0 Transitional//EN"
    "http://www.w3.org/TR/xhtml1/DTD/xhtml1-transitional.dtd">
<html xmlns="http://www.w3.org/1999/xhtml" xml:lang="en" lang="en">
 <head>
  <title>
</title>
<meta http-equiv="Content-Type" content="text/html;charset=utf-8" />
  <meta name='ocr-system' content='tesseract 3.04.00' />
  <meta name='ocr-capabilities' content='ocr_page ocr_carea ocr_par ocr_line ocrx_word'/>
</head>
<body>
  <div class='ocr_page' id='page_1' title='image "./ovidopera02oviduoft_0374.png"; bbox 0 0 1538 2496; ppageno 0'>
   <div class='ocr_carea' id='block_1_1' title="bbox 77 131 862 178">
    <p class='ocr_par' dir='ltr' id='par_1_1' title="bbox 77 131 862 178">
     <span class='ocr_line' id='line_1_1' title="bbox 77 131 862 178; baseline -0.017 0"><span class='ocrx_word' id='word_1_1' title='bbox 77 136 161 178; x_wconf 73' lang='lat'>322</span> <span class='ocrx_word' id='word_1_2' title='bbox 349 148 446 170; x_wconf 73' lang='lat' dir='ltr'>cn’us</span> <span class='ocrx_word' id='word_1_3' title='bbox 624 131 837 167; x_wconf 87' lang='lat' dir='ltr'>METAMM</span> <span class='ocrx_word' id='word_1_4' title='bbox 850 155 862 167; x_wconf 89' lang='lat'><strong>.</strong></span> 
     </span>
    </p>
   </div>
   <div class='ocr_carea' id='block_1_2' title="bbox 103 241 1418 2404">
    <p class='ocr_par' dir='ltr' id='par_1_2' title="bbox 103 241 1418 2404">
     <span class='ocr_line' id='line_1_2' title="bbox 191 241 1160 297; baseline -0.005 -13"><span class='ocrx_word' id='word_1_5' title='bbox 191 245 369 297; x_wconf 85' lang='lat' dir='ltr'>Insistit,</span> <span class='ocrx_word' id='word_1_6' title='bbox 400 246 630 296; x_wconf 84' lang='lat' dir='ltr'>priscosque</span> <span class='ocrx_word' id='word_1_7' title='bbox 662 241 757 281; x_wconf 92' lang='lat' dir='ltr'>deos</span> <span class='ocrx_word' id='word_1_8' title='bbox 788 253 810 280; x_wconf 88' lang='lat' dir='ltr'>e</span> <span class='ocrx_word' id='word_1_9' title='bbox 836 252 946 280; x_wconf 90' lang='lat' dir='ltr'>more</span> <span class='ocrx_word' id='word_1_10' title='bbox 976 247 1160 292; x_wconf 84' lang='lat' dir='ltr'>precatus</span> 
     </span>
     <span class='ocr_line' id='line_1_3' title="bbox 193 298 1337 353; baseline -0.003 -11"><span class='ocrx_word' id='word_1_11' title='bbox 193 301 292 343; x_wconf 77' lang='lat' dir='ltr'>‘Est’</span> <span class='ocrx_word' id='word_1_12' title='bbox 325 305 377 342; x_wconf 88' lang='lat' dir='ltr'>ait</span> <span class='ocrx_word' id='word_1_13' title='bbox 409 301 488 341; x_wconf 74' lang='lat' dir='ltr'>‘hic</span> <span class='ocrx_word' id='word_1_14' title='bbox 519 312 623 340; x_wconf 88' lang='lat' dir='ltr'>unus</span> <span class='ocrx_word' id='word_1_15' title='bbox 642 332 653 353; x_wconf 84' lang='lat'><em>,</em></span> <span class='ocrx_word' id='word_1_16' title='bbox 685 312 802 351; x_wconf 88' lang='lat' dir='ltr'>quem</span> <span class='ocrx_word' id='word_1_17' title='bbox 833 311 901 338; x_wconf 90' lang='lat' dir='ltr'>vos</span> <span class='ocrx_word' id='word_1_18' title='bbox 933 300 1009 338; x_wconf 90' lang='lat' dir='ltr'>nisi</span> <span class='ocrx_word' id='word_1_19' title='bbox 1040 299 1184 350; x_wconf 82' lang='lat' dir='ltr'>pellitis</span> <span class='ocrx_word' id='word_1_20' title='bbox 1215 298 1337 352; x_wconf 87' lang='lat' dir='ltr'>urbe,</span> 
     </span>
     <span class='ocr_line' id='line_1_4' title="bbox 106 357 1340 411; baseline -0.004 -10"><span class='ocrx_word' id='word_1_21' title='bbox 106 371 170 402; x_wconf 72' lang='lat'>595</span> <span class='ocrx_word' id='word_1_22' title='bbox 191 362 273 401; x_wconf 86' lang='lat' dir='ltr'>Rex</span> <span class='ocrx_word' id='word_1_23' title='bbox 306 363 408 400; x_wconf 86' lang='lat' dir='ltr'>erit.</span> <span class='ocrx_word' id='word_1_24' title='bbox 446 362 479 399; x_wconf 90' lang='lat' dir='ltr'>is</span> <span class='ocrx_word' id='word_1_25' title='bbox 511 361 578 411; x_wconf 91' lang='lat' dir='ltr'>qui</span> <span class='ocrx_word' id='word_1_26' title='bbox 610 360 689 411; x_wconf 85' lang='lat' dir='ltr'>sit,</span> <span class='ocrx_word' id='word_1_27' title='bbox 721 360 831 409; x_wconf 84' lang='lat' dir='ltr'>signo</span> <span class='ocrx_word' id='word_1_28' title='bbox 851 390 862 410; x_wconf 88' lang='lat'>,</span> <span class='ocrx_word' id='word_1_29' title='bbox 893 370 972 396; x_wconf 89' lang='lat' dir='ltr'>non</span> <span class='ocrx_word' id='word_1_30' title='bbox 1004 359 1160 396; x_wconf 90' lang='lat' dir='ltr'>nomine</span> <span class='ocrx_word' id='word_1_31' title='bbox 1193 357 1340 397; x_wconf 85' lang='lat' dir='ltr'>dicam:</span> 
     </span>
     <span class='ocr_line' id='line_1_5' title="bbox 192 416 1326 469; baseline -0.004 -10"><span class='ocrx_word' id='word_1_32' title='bbox 192 421 346 459; x_wconf 83' lang='lat' dir='ltr'>Cornua</span> <span class='ocrx_word' id='word_1_33' title='bbox 378 420 506 457; x_wconf 86' lang='lat' dir='ltr'>fronte</span> <span class='ocrx_word' id='word_1_34' title='bbox 539 418 668 469; x_wconf 85' lang='lat' dir='ltr'>gerit.</span> <span class='ocrx_word' id='word_1_35' title='bbox 708 429 825 467; x_wconf 89' lang='lat' dir='ltr'>quem</span> <span class='ocrx_word' id='word_1_36' title='bbox 856 416 969 455; x_wconf 89' lang='lat' dir='ltr'>nobis</span> <span class='ocrx_word' id='word_1_37' title='bbox 1001 416 1148 455; x_wconf 84' lang='lat' dir='ltr'>indicat</span> <span class='ocrx_word' id='word_1_38' title='bbox 1179 428 1326 469; x_wconf 83' lang='lat' dir='ltr'>augur,</span> 
     </span>
     <span class='ocr_line' id='line_1_6' title="bbox 192 474 1230 527; baseline -0.004 -10"><span class='ocrx_word' id='word_1_39' title='bbox 192 479 232 517; x_wconf 93' lang='lat' dir='ltr'>Si</span> <span class='ocrx_word' id='word_1_40' title='bbox 264 479 425 517; x_wconf 83' lang='lat' dir='ltr'>Romam</span> <span class='ocrx_word' id='word_1_41' title='bbox 456 478 642 527; x_wconf 88' lang='lat' dir='ltr'>intrarit,</span> <span class='ocrx_word' id='word_1_42' title='bbox 674 475 875 514; x_wconf 81' lang='lat' dir='ltr'>famularia</span> <span class='ocrx_word' id='word_1_43' title='bbox 906 476 993 514; x_wconf 91' lang='lat' dir='ltr'>iura</span> <span class='ocrx_word' id='word_1_44' title='bbox 1024 474 1230 514; x_wconf 87' lang='lat' dir='ltr'>daturum.</span> 
     </span>
     <span class='ocr_line' id='line_1_7' title="bbox 193 535 1240 587; baseline -0.002 -12"><span class='ocrx_word' id='word_1_45' title='bbox 193 536 260 575; x_wconf 88' lang='lat' dir='ltr'>Ille</span> <span class='ocrx_word' id='word_1_46' title='bbox 294 536 451 587; x_wconf 88' lang='lat' dir='ltr'>quidem</span> <span class='ocrx_word' id='word_1_47' title='bbox 483 536 612 587; x_wconf 91' lang='lat' dir='ltr'>potuit</span> <span class='ocrx_word' id='word_1_48' title='bbox 642 540 774 586; x_wconf 89' lang='lat' dir='ltr'>portas</span> <span class='ocrx_word' id='word_1_49' title='bbox 806 535 1028 585; x_wconf 89' lang='lat' dir='ltr'>irrumpere</span> <span class='ocrx_word' id='word_1_50' title='bbox 1060 540 1240 585; x_wconf 87' lang='lat' dir='ltr'>apertas:</span> 
     </span>
     <span class='ocr_line' id='line_1_8' title="bbox 196 592 1245 646; baseline -0.004 -12"><span class='ocrx_word' id='word_1_51' title='bbox 196 594 272 634; x_wconf 90' lang='lat' dir='ltr'>Sed</span> <span class='ocrx_word' id='word_1_52' title='bbox 304 607 377 633; x_wconf 87' lang='lat' dir='ltr'>nos</span> <span class='ocrx_word' id='word_1_53' title='bbox 408 594 661 646; x_wconf 86' lang='lat' dir='ltr'>obstitimus,</span> <span class='ocrx_word' id='word_1_54' title='bbox 694 594 869 644; x_wconf 90' lang='lat' dir='ltr'>quamvis</span> <span class='ocrx_word' id='word_1_55' title='bbox 902 594 1149 631; x_wconf 86' lang='lat' dir='ltr'>coniunctior</span> <span class='ocrx_word' id='word_1_56' title='bbox 1180 592 1245 631; x_wconf 92' lang='lat' dir='ltr'>illo</span> 
     </span>
     <span class='ocr_line' id='line_1_9' title="bbox 103 650 1414 703; baseline -0.005 -10"><span class='ocrx_word' id='word_1_57' title='bbox 103 662 170 694; x_wconf 79' lang='lat'>600</span> <span class='ocrx_word' id='word_1_58' title='bbox 190 653 312 693; x_wconf 87' lang='lat' dir='ltr'>Nemo</span> <span class='ocrx_word' id='word_1_59' title='bbox 339 653 435 692; x_wconf 91' lang='lat' dir='ltr'>mibi</span> <span class='ocrx_word' id='word_1_60' title='bbox 460 658 547 692; x_wconf 87' lang='lat' dir='ltr'>est.</span> <span class='ocrx_word' id='word_1_61' title='bbox 585 664 653 691; x_wconf 84' lang='lat' dir='ltr'>vos</span> <span class='ocrx_word' id='word_1_62' title='bbox 679 651 778 691; x_wconf 90' lang='lat' dir='ltr'>urbe</span> <span class='ocrx_word' id='word_1_63' title='bbox 803 653 932 690; x_wconf 88' lang='lat' dir='ltr'>virum</span> <span class='ocrx_word' id='word_1_64' title='bbox 957 650 1162 702; x_wconf 87' lang='lat' dir='ltr'>prohibete</span> <span class='ocrx_word' id='word_1_65' title='bbox 1181 682 1193 703; x_wconf 85' lang='lat'><em>‚</em></span> <span class='ocrx_word' id='word_1_66' title='bbox 1219 651 1414 702; x_wconf 56' lang='lat' dir='ltr'>Quirites²</span> 
     </span>
     <span class='ocr_line' id='line_1_10' title="bbox 190 709 1258 766; baseline 0 -18"><span class='ocrx_word' id='word_1_67' title='bbox 190 711 287 766; x_wconf 83' lang='lat' dir='ltr'>Vel,</span> <span class='ocrx_word' id='word_1_68' title='bbox 319 713 353 751; x_wconf 90' lang='lat' dir='ltr'>si</span> <span class='ocrx_word' id='word_1_69' title='bbox 384 712 524 763; x_wconf 86' lang='lat' dir='ltr'>dignus</span> <span class='ocrx_word' id='word_1_70' title='bbox 556 712 661 763; x_wconf 84' lang='lat' dir='ltr'>erit,</span> <span class='ocrx_word' id='word_1_71' title='bbox 693 709 875 761; x_wconf 86' lang='lat' dir='ltr'>gravibus</span> <span class='ocrx_word' id='word_1_72' title='bbox 907 711 1052 748; x_wconf 85' lang='lat' dir='ltr'>vincite</span> <span class='ocrx_word' id='word_1_73' title='bbox 1085 711 1258 762; x_wconf 85' lang='lat' dir='ltr'>catenis,</span> 
     </span>
     <span class='ocr_line' id='line_1_11' title="bbox 194 764 1134 819; baseline -0.005 -8"><span class='ocrx_word' id='word_1_74' title='bbox 194 773 272 811; x_wconf 81' lang='lat' dir='ltr'>Aut</span> <span class='ocrx_word' id='word_1_75' title='bbox 301 771 410 810; x_wconf 88' lang='lat' dir='ltr'>finite</span> <span class='ocrx_word' id='word_1_76' title='bbox 442 775 590 809; x_wconf 90' lang='lat' dir='ltr'>metum</span> <span class='ocrx_word' id='word_1_77' title='bbox 623 768 749 808; x_wconf 81' lang='lat' dir='ltr'>fatalis</span> <span class='ocrx_word' id='word_1_78' title='bbox 781 774 908 807; x_wconf 89' lang='lat' dir='ltr'>morte</span> <span class='ocrx_word' id='word_1_79' title='bbox 939 769 1096 819; x_wconf 88' lang='lat' dir='ltr'>tyranni</span> <span class='ocrx_word' id='word_1_80' title='bbox 1110 764 1134 807; x_wconf 90' lang='lat'>.&#39;</span> 
     </span>
     <span class='ocr_line' id='line_1_12' title="bbox 191 826 1206 881; baseline -0.005 -12"><span class='ocrx_word' id='word_1_81' title='bbox 191 829 327 877; x_wconf 80' lang='lat' dir='ltr'>Qualia</span> <span class='ocrx_word' id='word_1_82' title='bbox 358 831 601 881; x_wconf 81' lang='lat' dir='ltr'>succinctiS,</span> <span class='ocrx_word' id='word_1_83' title='bbox 633 828 702 867; x_wconf 90' lang='lat' dir='ltr'>ubi</span> <span class='ocrx_word' id='word_1_84' title='bbox 733 834 824 866; x_wconf 86' lang='lat' dir='ltr'>trux</span> <span class='ocrx_word' id='word_1_85' title='bbox 856 826 1029 866; x_wconf 85' lang='lat' dir='ltr'>insibilat</span> <span class='ocrx_word' id='word_1_86' title='bbox 1060 838 1206 878; x_wconf 88' lang='lat' dir='ltr'>eurus,</span> 
     </span>
     <span class='ocr_line' id='line_1_13' title="bbox 190 885 1158 940; baseline -0.004 -12"><span class='ocrx_word' id='word_1_87' title='bbox 190 890 390 928; x_wconf 89' lang='lat' dir='ltr'>Murmura</span> <span class='ocrx_word' id='word_1_88' title='bbox 421 889 565 940; x_wconf 85' lang='lat' dir='ltr'>pinetis</span> <span class='ocrx_word' id='word_1_89' title='bbox 597 888 696 926; x_wconf 85' lang='lat' dir='ltr'>fiunt</span> <span class='ocrx_word' id='word_1_90' title='bbox 714 918 725 939; x_wconf 85' lang='lat'>,</span> <span class='ocrx_word' id='word_1_91' title='bbox 757 892 824 925; x_wconf 93' lang='lat' dir='ltr'>aut</span> <span class='ocrx_word' id='word_1_92' title='bbox 855 886 982 937; x_wconf 92' lang='lat' dir='ltr'>qualia</span> <span class='ocrx_word' id='word_1_93' title='bbox 1013 885 1158 924; x_wconf 86' lang='lat' dir='ltr'>fluctus</span> 
     </span>
     <span class='ocr_line' id='line_1_14' title="bbox 103 943 1231 998; baseline -0.004 -12"><span class='ocrx_word' id='word_1_94' title='bbox 103 955 169 986; x_wconf 81' lang='lat'>605</span> <span class='ocrx_word' id='word_1_95' title='bbox 191 949 389 998; x_wconf 87' lang='lat' dir='ltr'>Aequorei</span> <span class='ocrx_word' id='word_1_96' title='bbox 420 948 598 998; x_wconf 87' lang='lat' dir='ltr'>faciunt,</span> <span class='ocrx_word' id='word_1_97' title='bbox 631 947 754 997; x_wconf 83' lang='lat' dir='ltr'>siquis</span> <span class='ocrx_word' id='word_1_98' title='bbox 787 944 926 996; x_wconf 91' lang='lat' dir='ltr'>procul</span> <span class='ocrx_word' id='word_1_99' title='bbox 958 944 1090 983; x_wconf 88' lang='lat' dir='ltr'>audiat</span> <span class='ocrx_word' id='word_1_100' title='bbox 1119 943 1231 996; x_wconf 88' lang='lat' dir='ltr'>illos,</span> 
     </span>
     <span class='ocr_line' id='line_1_15' title="bbox 191 1002 1301 1057; baseline -0.005 -12"><span class='ocrx_word' id='word_1_101' title='bbox 191 1006 283 1046; x_wconf 85' lang='lat' dir='ltr'>Tale</span> <span class='ocrx_word' id='word_1_102' title='bbox 317 1011 430 1044; x_wconf 86' lang='lat' dir='ltr'>sonat.</span> <span class='ocrx_word' id='word_1_103' title='bbox 460 1004 657 1057; x_wconf 89' lang='lat' dir='ltr'>populus.</span> <span class='ocrx_word' id='word_1_104' title='bbox 697 1003 764 1043; x_wconf 91' lang='lat' dir='ltr'>sed</span> <span class='ocrx_word' id='word_1_105' title='bbox 798 1015 869 1054; x_wconf 90' lang='lat' dir='ltr'>per</span> <span class='ocrx_word' id='word_1_106' title='bbox 901 1003 1064 1042; x_wconf 88' lang='lat' dir='ltr'>confusa</span> <span class='ocrx_word' id='word_1_107' title='bbox 1095 1002 1301 1041; x_wconf 86' lang='lat' dir='ltr'>frementis</span> 
     </span>
     <span class='ocr_line' id='line_1_16' title="bbox 191 1057 1417 1114; baseline -0.003 -12"><span class='ocrx_word' id='word_1_108' title='bbox 191 1064 317 1104; x_wconf 89' lang='lat' dir='ltr'>Verba</span> <span class='ocrx_word' id='word_1_109' title='bbox 348 1070 479 1103; x_wconf 91' lang='lat' dir='ltr'>tamen</span> <span class='ocrx_word' id='word_1_110' title='bbox 511 1063 616 1114; x_wconf 83' lang='lat' dir='ltr'>vulgi</span> <span class='ocrx_word' id='word_1_111' title='bbox 647 1074 719 1101; x_wconf 81' lang='lat' dir='ltr'>vox</span> <span class='ocrx_word' id='word_1_112' title='bbox 753 1063 900 1100; x_wconf 86' lang='lat' dir='ltr'>eminet</span> <span class='ocrx_word' id='word_1_113' title='bbox 930 1073 1006 1100; x_wconf 89' lang='lat' dir='ltr'>una</span> <span class='ocrx_word' id='word_1_114' title='bbox 1025 1093 1036 1114; x_wconf 85' lang='lat'>‚</span> <span class='ocrx_word' id='word_1_115' title='bbox 1069 1058 1173 1112; x_wconf 71' lang='lat' dir='ltr'>‘quis</span> <span class='ocrx_word' id='word_1_116' title='bbox 1211 1060 1275 1099; x_wconf 89' lang='lat' dir='ltr'>ille</span> <span class='ocrx_word' id='word_1_117' title='bbox 1309 1066 1369 1099; x_wconf 90' lang='lat' dir='ltr'>est</span> <span class='ocrx_word' id='word_1_118' title='bbox 1382 1057 1417 1099; x_wconf 68' lang='lat' dir='ltr'>P’</span> 
     </span>
     <span class='ocr_line' id='line_1_17' title="bbox 191 1121 1417 1175; baseline -0.004 -13"><span class='ocrx_word' id='word_1_119' title='bbox 191 1123 242 1162; x_wconf 88' lang='lat' dir='ltr'>Et</span> <span class='ocrx_word' id='word_1_120' title='bbox 273 1129 453 1175; x_wconf 89' lang='lat' dir='ltr'>spectant</span> <span class='ocrx_word' id='word_1_121' title='bbox 483 1123 634 1161; x_wconf 80' lang='lat' dir='ltr'>frontes</span> <span class='ocrx_word' id='word_1_122' title='bbox 654 1152 665 1174; x_wconf 86' lang='lat'><strong><em>,</em></strong></span> <span class='ocrx_word' id='word_1_123' title='bbox 696 1121 975 1172; x_wconf 85' lang='lat' dir='ltr'>praedictaque</span> <span class='ocrx_word' id='word_1_124' title='bbox 1013 1131 1161 1158; x_wconf 89' lang='lat' dir='ltr'>cornua</span> <span class='ocrx_word' id='word_1_125' title='bbox 1201 1125 1417 1170; x_wconf 89' lang='lat' dir='ltr'>quaerunt.</span> 
     </span>
     <span class='ocr_line' id='line_1_18' title="bbox 191 1174 1418 1232; baseline -0.005 -11"><span class='ocrx_word' id='word_1_126' title='bbox 191 1182 345 1221; x_wconf 85' lang='lat' dir='ltr'>Rursus</span> <span class='ocrx_word' id='word_1_127' title='bbox 371 1181 417 1220; x_wconf 93' lang='lat' dir='ltr'>ad</span> <span class='ocrx_word' id='word_1_128' title='bbox 443 1181 515 1219; x_wconf 90' lang='lat' dir='ltr'>hos</span> <span class='ocrx_word' id='word_1_129' title='bbox 541 1180 661 1232; x_wconf 90' lang='lat' dir='ltr'>Cipus</span> <span class='ocrx_word' id='word_1_130' title='bbox 688 1177 821 1230; x_wconf 76' lang='lat' dir='ltr'>‘quem</span> <span class='ocrx_word' id='word_1_131' title='bbox 847 1178 1009 1230; x_wconf 83' lang='lat' dir='ltr'>poscitis</span> <span class='ocrx_word' id='word_1_132' title='bbox 1027 1174 1055 1231; x_wconf 85' lang='lat'>‚&#39;</span> <span class='ocrx_word' id='word_1_133' title='bbox 1088 1179 1218 1229; x_wconf 87' lang='lat' dir='ltr'>inquit</span> <span class='ocrx_word' id='word_1_134' title='bbox 1237 1174 1418 1216; x_wconf 65' lang='lat' dir='ltr'>‘habetis&#39;</span> 
     </span>
     <span class='ocr_line' id='line_1_19' title="bbox 104 1236 1256 1292; baseline -0.003 -13"><span class='ocrx_word' id='word_1_135' title='bbox 104 1248 171 1280; x_wconf 81' lang='lat'>610</span> <span class='ocrx_word' id='word_1_136' title='bbox 192 1240 240 1279; x_wconf 89' lang='lat' dir='ltr'>Et</span> <span class='ocrx_word' id='word_1_137' title='bbox 272 1241 388 1292; x_wconf 88' lang='lat' dir='ltr'>capiti</span> <span class='ocrx_word' id='word_1_138' title='bbox 420 1240 576 1291; x_wconf 87' lang='lat' dir='ltr'>dempta</span> <span class='ocrx_word' id='word_1_139' title='bbox 595 1270 606 1292; x_wconf 86' lang='lat'><em>,</em></span> <span class='ocrx_word' id='word_1_140' title='bbox 636 1237 782 1290; x_wconf 86' lang='lat' dir='ltr'>populo</span> <span class='ocrx_word' id='word_1_141' title='bbox 813 1236 1047 1290; x_wconf 87' lang='lat' dir='ltr'>prohibente</span> <span class='ocrx_word' id='word_1_142' title='bbox 1066 1268 1077 1289; x_wconf 88' lang='lat'>‚</span> <span class='ocrx_word' id='word_1_143' title='bbox 1109 1247 1256 1275; x_wconf 88' lang='lat' dir='ltr'>corona</span> 
     </span>
     <span class='ocr_line' id='line_1_20' title="bbox 192 1297 1212 1350; baseline -0.005 -12"><span class='ocrx_word' id='word_1_144' title='bbox 192 1299 380 1338; x_wconf 79' lang='lat' dir='ltr'>Exhibuit</span> <span class='ocrx_word' id='word_1_145' title='bbox 410 1300 565 1350; x_wconf 83' lang='lat' dir='ltr'>gemino</span> <span class='ocrx_word' id='word_1_146' title='bbox 597 1297 817 1349; x_wconf 84' lang='lat' dir='ltr'>praesignia</span> <span class='ocrx_word' id='word_1_147' title='bbox 848 1301 1026 1347; x_wconf 90' lang='lat' dir='ltr'>tempora</span> <span class='ocrx_word' id='word_1_148' title='bbox 1058 1307 1182 1334; x_wconf 89' lang='lat' dir='ltr'>cornu</span> <span class='ocrx_word' id='word_1_149' title='bbox 1202 1325 1212 1334; x_wconf 91' lang='lat'>.</span> 
     </span>
     <span class='ocr_line' id='line_1_21' title="bbox 193 1353 1226 1407; baseline -0.004 -11"><span class='ocrx_word' id='word_1_150' title='bbox 193 1358 393 1397; x_wconf 84' lang='lat' dir='ltr'>Demisere</span> <span class='ocrx_word' id='word_1_151' title='bbox 426 1357 560 1396; x_wconf 91' lang='lat' dir='ltr'>oculos</span> <span class='ocrx_word' id='word_1_152' title='bbox 592 1368 729 1395; x_wconf 87' lang='lat' dir='ltr'>omnes</span> <span class='ocrx_word' id='word_1_153' title='bbox 760 1356 1028 1407; x_wconf 86' lang='lat' dir='ltr'>gemitumque</span> <span class='ocrx_word' id='word_1_154' title='bbox 1060 1353 1226 1406; x_wconf 84' lang='lat' dir='ltr'>dedere,</span> 
     </span>
     <span class='ocr_line' id='line_1_22' title="bbox 193 1408 1417 1467; baseline -0.004 -12"><span class='ocrx_word' id='word_1_155' title='bbox 193 1417 318 1467; x_wconf 87' lang='lat' dir='ltr'>Atque</span> <span class='ocrx_word' id='word_1_156' title='bbox 338 1415 433 1455; x_wconf 91' lang='lat' dir='ltr'>illud</span> <span class='ocrx_word' id='word_1_157' title='bbox 461 1416 612 1454; x_wconf 87' lang='lat' dir='ltr'>meritis</span> <span class='ocrx_word' id='word_1_158' title='bbox 637 1414 786 1453; x_wconf 88' lang='lat' dir='ltr'>clarum</span> <span class='ocrx_word' id='word_1_159' title='bbox 806 1435 862 1442; x_wconf 93' lang='lat'>—</span> <span class='ocrx_word' id='word_1_160' title='bbox 883 1415 971 1464; x_wconf 89' lang='lat' dir='ltr'>quis</span> <span class='ocrx_word' id='word_1_161' title='bbox 997 1412 1161 1452; x_wconf 89' lang='lat' dir='ltr'>credere</span> <span class='ocrx_word' id='word_1_162' title='bbox 1185 1408 1346 1464; x_wconf 75' lang='lat' dir='ltr'>possit?</span> <span class='ocrx_word' id='word_1_163' title='bbox 1365 1433 1417 1440; x_wconf 88' lang='lat'><em>-</em></span> 
     </span>
     <span class='ocr_line' id='line_1_23' title="bbox 192 1472 1100 1525; baseline -0.003 -12"><span class='ocrx_word' id='word_1_164' title='bbox 192 1475 306 1513; x_wconf 83' lang='lat' dir='ltr'>Inviti</span> <span class='ocrx_word' id='word_1_165' title='bbox 337 1474 470 1513; x_wconf 89' lang='lat' dir='ltr'>videre</span> <span class='ocrx_word' id='word_1_166' title='bbox 502 1478 647 1525; x_wconf 87' lang='lat' dir='ltr'>caput:</span> <span class='ocrx_word' id='word_1_167' title='bbox 678 1485 751 1511; x_wconf 88' lang='lat' dir='ltr'>nec</span> <span class='ocrx_word' id='word_1_168' title='bbox 782 1472 932 1511; x_wconf 88' lang='lat' dir='ltr'>honore</span> <span class='ocrx_word' id='word_1_169' title='bbox 965 1483 1100 1510; x_wconf 86' lang='lat' dir='ltr'>carere</span> 
     </span>
     <span class='ocr_line' id='line_1_24' title="bbox 108 1532 1207 1584; baseline -0.005 -12"><span class='ocrx_word' id='word_1_170' title='bbox 108 1542 173 1572; x_wconf 80' lang='lat'>615</span> <span class='ocrx_word' id='word_1_171' title='bbox 194 1533 368 1572; x_wconf 83' lang='lat' dir='ltr'>Ulterius</span> <span class='ocrx_word' id='word_1_172' title='bbox 399 1534 534 1584; x_wconf 85' lang='lat' dir='ltr'>passi,</span> <span class='ocrx_word' id='word_1_173' title='bbox 566 1532 705 1570; x_wconf 87' lang='lat' dir='ltr'>sestam</span> <span class='ocrx_word' id='word_1_174' title='bbox 737 1533 962 1582; x_wconf 87' lang='lat' dir='ltr'>imposuere</span> <span class='ocrx_word' id='word_1_175' title='bbox 996 1541 1207 1568; x_wconf 89' lang='lat' dir='ltr'>coronam.</span> 
     </span>
     <span class='ocr_line' id='line_1_25' title="bbox 196 1587 1258 1643; baseline -0.006 -12"><span class='ocrx_word' id='word_1_176' title='bbox 196 1592 245 1631; x_wconf 86' lang='lat' dir='ltr'>At</span> <span class='ocrx_word' id='word_1_177' title='bbox 275 1603 462 1643; x_wconf 84' lang='lat' dir='ltr'>proceres</span> <span class='ocrx_word' id='word_1_178' title='bbox 481 1622 492 1643; x_wconf 89' lang='lat'>‚</span> <span class='ocrx_word' id='word_1_179' title='bbox 525 1591 708 1641; x_wconf 89' lang='lat' dir='ltr'>quoniam</span> <span class='ocrx_word' id='word_1_180' title='bbox 740 1601 874 1628; x_wconf 85' lang='lat' dir='ltr'>muros</span> <span class='ocrx_word' id='word_1_181' title='bbox 906 1590 1055 1627; x_wconf 89' lang='lat' dir='ltr'>intrare</span> <span class='ocrx_word' id='word_1_182' title='bbox 1087 1587 1258 1640; x_wconf 81' lang='lat' dir='ltr'>vetaris,</span> 
     </span>
     <span class='ocr_line' id='line_1_26' title="bbox 196 1645 1200 1699; baseline -0.005 -10"><span class='ocrx_word' id='word_1_183' title='bbox 196 1651 313 1689; x_wconf 86' lang='lat' dir='ltr'>Ruris</span> <span class='ocrx_word' id='word_1_184' title='bbox 346 1650 527 1688; x_wconf 85' lang='lat' dir='ltr'>honorati</span> <span class='ocrx_word' id='word_1_185' title='bbox 557 1654 709 1687; x_wconf 88' lang='lat' dir='ltr'>tantum</span> <span class='ocrx_word' id='word_1_186' title='bbox 741 1647 812 1686; x_wconf 91' lang='lat' dir='ltr'>tibi</span> <span class='ocrx_word' id='word_1_187' title='bbox 831 1679 841 1699; x_wconf 89' lang='lat'>,</span> <span class='ocrx_word' id='word_1_188' title='bbox 874 1646 968 1698; x_wconf 89' lang='lat' dir='ltr'>Cipe</span> <span class='ocrx_word' id='word_1_189' title='bbox 986 1678 998 1699; x_wconf 88' lang='lat'><em>‚</em></span> <span class='ocrx_word' id='word_1_190' title='bbox 1030 1645 1200 1698; x_wconf 86' lang='lat' dir='ltr'>dedere,</span> 
     </span>
     <span class='ocr_line' id='line_1_27' title="bbox 200 1704 1159 1759; baseline -0.006 -11"><span class='ocrx_word' id='word_1_191' title='bbox 200 1709 398 1755; x_wconf 84' lang='lat' dir='ltr'>Quantum</span> <span class='ocrx_word' id='word_1_192' title='bbox 431 1708 617 1759; x_wconf 87' lang='lat' dir='ltr'>depresso</span> <span class='ocrx_word' id='word_1_193' title='bbox 651 1705 838 1746; x_wconf 89' lang='lat' dir='ltr'>subiectis</span> <span class='ocrx_word' id='word_1_194' title='bbox 869 1704 997 1744; x_wconf 89' lang='lat' dir='ltr'>bobus</span> <span class='ocrx_word' id='word_1_195' title='bbox 1029 1710 1159 1743; x_wconf 89' lang='lat' dir='ltr'>aratro</span> 
     </span>
     <span class='ocr_line' id='line_1_28' title="bbox 199 1762 1167 1819; baseline -0.005 -13"><span class='ocrx_word' id='word_1_196' title='bbox 199 1767 416 1819; x_wconf 77' lang='lat' dir='ltr'>complecti</span> <span class='ocrx_word' id='word_1_197' title='bbox 446 1778 584 1818; x_wconf 87' lang='lat' dir='ltr'>posses</span> <span class='ocrx_word' id='word_1_198' title='bbox 617 1765 663 1804; x_wconf 90' lang='lat' dir='ltr'>ad</span> <span class='ocrx_word' id='word_1_199' title='bbox 695 1766 813 1804; x_wconf 83' lang='lat' dir='ltr'>finem</span> <span class='ocrx_word' id='word_1_200' title='bbox 843 1764 942 1803; x_wconf 91' lang='lat' dir='ltr'>lucis</span> <span class='ocrx_word' id='word_1_201' title='bbox 975 1762 1022 1802; x_wconf 87' lang='lat' dir='ltr'>ab</span> <span class='ocrx_word' id='word_1_202' title='bbox 1054 1767 1167 1802; x_wconf 88' lang='lat' dir='ltr'>ortu.</span> 
     </span>
     <span class='ocr_line' id='line_1_29' title="bbox 113 1811 1219 1877; baseline -0.004 -13"><span class='ocrx_word' id='word_1_203' title='bbox 113 1834 179 1864; x_wconf 71' lang='lat'>620</span> <span class='ocrx_word' id='word_1_204' title='bbox 200 1826 434 1877; x_wconf 85' lang='lat' dir='ltr'>Cornuaque</span> <span class='ocrx_word' id='word_1_205' title='bbox 467 1826 608 1863; x_wconf 89' lang='lat' dir='ltr'>aeratis</span> <span class='ocrx_word' id='word_1_206' title='bbox 640 1825 778 1863; x_wconf 88' lang='lat' dir='ltr'>miram</span> <span class='ocrx_word' id='word_1_207' title='bbox 810 1811 1219 1862; x_wconf 54' lang='lat' dir='ltr'>referentissormam</span> 
     </span>
     <span class='ocr_line' id='line_1_30' title="bbox 200 1882 1369 1936; baseline -0.005 -12"><span class='ocrx_word' id='word_1_208' title='bbox 200 1884 382 1924; x_wconf 83' lang='lat' dir='ltr'>Postibus</span> <span class='ocrx_word' id='word_1_209' title='bbox 413 1883 671 1936; x_wconf 86' lang='lat' dir='ltr'>insculpunt,</span> <span class='ocrx_word' id='word_1_210' title='bbox 701 1882 861 1933; x_wconf 85' lang='lat' dir='ltr'>longum</span> <span class='ocrx_word' id='word_1_211' title='bbox 892 1892 1076 1920; x_wconf 86' lang='lat' dir='ltr'>mansura</span> <span class='ocrx_word' id='word_1_212' title='bbox 1106 1891 1179 1932; x_wconf 91' lang='lat' dir='ltr'>per</span> <span class='ocrx_word' id='word_1_213' title='bbox 1209 1891 1369 1918; x_wconf 88' lang='lat' dir='ltr'>aevum.</span> 
     </span>
     <span class='ocr_line' id='line_1_31' title="bbox 258 1939 1418 1995; baseline -0.006 -13"><span class='ocrx_word' id='word_1_214' title='bbox 258 1943 420 1982; x_wconf 89' lang='lat' dir='ltr'>Pandite</span> <span class='ocrx_word' id='word_1_215' title='bbox 441 1954 546 1983; x_wconf 89' lang='lat' dir='ltr'>nunc</span> <span class='ocrx_word' id='word_1_216' title='bbox 559 1973 570 1995; x_wconf 86' lang='lat'><em>‚</em></span> <span class='ocrx_word' id='word_1_217' title='bbox 589 1941 721 1980; x_wconf 88' lang='lat' dir='ltr'>Musae</span> <span class='ocrx_word' id='word_1_218' title='bbox 740 1972 751 1993; x_wconf 88' lang='lat'><strong><em>,</em></strong></span> <span class='ocrx_word' id='word_1_219' title='bbox 777 1941 999 1992; x_wconf 89' lang='lat' dir='ltr'>praesentia</span> <span class='ocrx_word' id='word_1_220' title='bbox 1018 1939 1179 1978; x_wconf 87' lang='lat' dir='ltr'>numina</span> <span class='ocrx_word' id='word_1_221' title='bbox 1197 1943 1352 1991; x_wconf 85' lang='lat' dir='ltr'>vatum,</span> <span class='ocrx_word' id='word_1_222' title='bbox 1369 1960 1418 1965; x_wconf 92' lang='lat'>—</span> 
     </span>
     <span class='ocr_line' id='line_1_32' title="bbox 204 1999 1306 2054; baseline -0.005 -13"><span class='ocrx_word' id='word_1_223' title='bbox 204 2003 319 2041; x_wconf 88' lang='lat' dir='ltr'>Scitis</span> <span class='ocrx_word' id='word_1_224' title='bbox 351 2003 455 2040; x_wconf 90' lang='lat' dir='ltr'>enim</span> <span class='ocrx_word' id='word_1_225' title='bbox 474 2033 485 2054; x_wconf 84' lang='lat'>‚</span> <span class='ocrx_word' id='word_1_226' title='bbox 515 2012 589 2040; x_wconf 89' lang='lat' dir='ltr'>nec</span> <span class='ocrx_word' id='word_1_227' title='bbox 620 2012 688 2038; x_wconf 88' lang='lat' dir='ltr'>vos</span> <span class='ocrx_word' id='word_1_228' title='bbox 719 1999 815 2038; x_wconf 83' lang='lat' dir='ltr'>fallit</span> <span class='ocrx_word' id='word_1_229' title='bbox 846 1999 1015 2051; x_wconf 89' lang='lat' dir='ltr'>spatiosa</span> <span class='ocrx_word' id='word_1_230' title='bbox 1045 2001 1220 2036; x_wconf 88' lang='lat' dir='ltr'>vetustas</span> <span class='ocrx_word' id='word_1_231' title='bbox 1251 2017 1306 2024; x_wconf 91' lang='lat'>—-</span> 
     </span>
     <span class='ocr_line' id='line_1_33' title="bbox 205 2055 1208 2108; baseline -0.005 -9"><span class='ocrx_word' id='word_1_232' title='bbox 205 2060 313 2099; x_wconf 85' lang='lat' dir='ltr'>Unde</span> <span class='ocrx_word' id='word_1_233' title='bbox 347 2060 567 2099; x_wconf 90' lang='lat' dir='ltr'>Coroniden</span> <span class='ocrx_word' id='word_1_234' title='bbox 601 2058 830 2098; x_wconf 84' lang='lat' dir='ltr'>circumflua</span> <span class='ocrx_word' id='word_1_235' title='bbox 860 2056 1069 2108; x_wconf 86' lang='lat' dir='ltr'>Thybridis</span> <span class='ocrx_word' id='word_1_236' title='bbox 1101 2055 1208 2095; x_wconf 89' lang='lat' dir='ltr'>alveo</span> 
     </span>
     <span class='ocr_line' id='line_1_34' title="bbox 117 2114 1107 2159; baseline -0.005 -1"><span class='ocrx_word' id='word_1_237' title='bbox 117 2128 182 2159; x_wconf 58' lang='grc' dir='ltr'>δεῖ)</span> <span class='ocrx_word' id='word_1_238' title='bbox 206 2118 333 2158; x_wconf 83' lang='lat' dir='ltr'>insula</span> <span class='ocrx_word' id='word_1_239' title='bbox 363 2118 574 2157; x_wconf 88' lang='lat' dir='ltr'>Romuleae</span> <span class='ocrx_word' id='word_1_240' title='bbox 607 2118 729 2156; x_wconf 88' lang='lat' dir='ltr'>sacris</span> <span class='ocrx_word' id='word_1_241' title='bbox 759 2117 944 2155; x_wconf 88' lang='lat' dir='ltr'>acciverit</span> <span class='ocrx_word' id='word_1_242' title='bbox 973 2114 1107 2154; x_wconf 85' lang='lat' dir='ltr'>urhis.</span> 
     </span>
     <span class='ocr_line' id='line_1_35' title="bbox 207 2175 1202 2228; baseline -0.004 -12"><span class='ocrx_word' id='word_1_243' title='bbox 207 2179 293 2216; x_wconf 80' lang='lat' dir='ltr'>Dira</span> <span class='ocrx_word' id='word_1_244' title='bbox 325 2177 410 2215; x_wconf 88' lang='lat' dir='ltr'>lues</span> <span class='ocrx_word' id='word_1_245' title='bbox 443 2177 637 2228; x_wconf 90' lang='lat' dir='ltr'>quondam</span> <span class='ocrx_word' id='word_1_246' title='bbox 668 2175 798 2214; x_wconf 90' lang='lat' dir='ltr'>Latias</span> <span class='ocrx_word' id='word_1_247' title='bbox 829 2175 1032 2214; x_wconf 88' lang='lat' dir='ltr'>vitiaverat</span> <span class='ocrx_word' id='word_1_248' title='bbox 1063 2185 1202 2225; x_wconf 84' lang='lat' dir='ltr'>auras,</span> 
     </span>
     <span class='ocr_line' id='line_1_36' title="bbox 207 2230 1248 2286; baseline -0.004 -12"><span class='ocrx_word' id='word_1_249' title='bbox 207 2234 427 2286; x_wconf 85' lang='lat' dir='ltr'>Pallidaque</span> <span class='ocrx_word' id='word_1_250' title='bbox 460 2236 646 2286; x_wconf 81' lang='lat' dir='ltr'>exsangui</span> <span class='ocrx_word' id='word_1_251' title='bbox 678 2232 908 2285; x_wconf 89' lang='lat' dir='ltr'>squalebant</span> <span class='ocrx_word' id='word_1_252' title='bbox 938 2243 1104 2284; x_wconf 89' lang='lat' dir='ltr'>corpora</span> <span class='ocrx_word' id='word_1_253' title='bbox 1135 2230 1248 2271; x_wconf 89' lang='lat' dir='ltr'>tabo.</span> 
     </span>
     <span class='ocr_line' id='line_1_37' title="bbox 207 2290 1199 2344; baseline -0.004 -12"><span class='ocrx_word' id='word_1_254' title='bbox 207 2293 427 2333; x_wconf 87' lang='lat' dir='ltr'>Funeribus</span> <span class='ocrx_word' id='word_1_255' title='bbox 458 2293 551 2331; x_wconf 85' lang='lat' dir='ltr'>fessi</span> <span class='ocrx_word' id='word_1_256' title='bbox 582 2299 789 2344; x_wconf 86' lang='lat' dir='ltr'>postquam</span> <span class='ocrx_word' id='word_1_257' title='bbox 820 2290 998 2331; x_wconf 88' lang='lat' dir='ltr'>mortalia</span> <span class='ocrx_word' id='word_1_258' title='bbox 1029 2295 1199 2330; x_wconf 87' lang='lat' dir='ltr'>cernunt</span> 
     </span>
     <span class='ocr_line' id='line_1_38' title="bbox 206 2348 1350 2404; baseline -0.004 -12"><span class='ocrx_word' id='word_1_259' title='bbox 206 2353 501 2404; x_wconf 87' lang='lat' dir='ltr'>Temptamenta</span> <span class='ocrx_word' id='word_1_260' title='bbox 532 2351 658 2402; x_wconf 89' lang='lat' dir='ltr'>nihil,</span> <span class='ocrx_word' id='word_1_261' title='bbox 690 2350 786 2390; x_wconf 86' lang='lat' dir='ltr'>nihil</span> <span class='ocrx_word' id='word_1_262' title='bbox 817 2356 921 2390; x_wconf 88' lang='lat' dir='ltr'>artes</span> <span class='ocrx_word' id='word_1_263' title='bbox 951 2361 1068 2402; x_wconf 90' lang='lat' dir='ltr'>posse</span> <span class='ocrx_word' id='word_1_264' title='bbox 1100 2348 1350 2399; x_wconf 83' lang='lat' dir='ltr'>medentum,</span> 
     </span>
    </p>
   </div>
   <div class='ocr_carea' id='block_1_3' title="bbox 1535 1210 1538 1294">
    <p class='ocr_par' dir='ltr' id='par_1_3' title="bbox 1535 1181 1538 1294">
     <span class='ocr_line' id='line_1_39' title="bbox 1535 1210 1538 1294; baseline 0 0"><span class='ocrx_word' id='word_1_265' title='bbox 1535 1210 1538 1294; x_wconf 69' lang='grc' dir='ltr'><strong>ε</strong></span> 
     </span>
    </p>
   </div>
  </div>
 </body>
</html>
