1527 2580
577 127 662 163 Vlll
680 155 688 172 ‚
716 131 901 163 205—278
917 157 924 164 .
1069 142 1197 165 renmx
1342 131 1419 172 157

204 237 435 290 Progeniem
467 249 650 289 germana
683 250 821 290 suam,
854 238 1046 278 natalibus
1078 241 1173 278 actis

204 296 267 336 Bis
301 308 467 348 puerum
500 298 634 348 senis,
667 299 783 335 animi
817 297 861 336 ad
895 304 1101 349 praecepta
1134 300 1307 350 capacis.

206 355 271 394 llle
305 357 421 394 etiam
453 354 580 394 medio
613 357 744 407 spinas
776 358 815 394 in
847 358 954 407 pisce
988 362 1139 396 notatas

117 422 183 453 245
205 414 340 453 Traxit
371 415 409 453 in
443 413 694 466 exemplum,
729 415 912 466 ferroque
945 414 1082 454 incidit
1113 421 1227 455 acuto

206 473 424 524 Perpetuos
456 472 594 511 dentes
627 480 665 512 et
698 485 828 511 serrae
861 476 1035 525 repperit
1067 486 1204 513 usum.

205 531 361 570 Primus
394 538 433 570 et
465 544 510 570 ex
546 543 623 570 uno
657 531 732 570 duo
767 532 893 571 ferrea
925 532 1106 571 bracchia
1137 532 1239 571 nodo

206 589 364 642 Vinxit,
396 596 440 629 ut
471 589 622 641 aequali
655 592 778 641 spatio
812 590 1046 630 distantibus
1078 591 1153 630 illis

205 648 336 687 Altera
367 660 457 700 pars
489 654 640 701 staret,
672 661 761 700 pars
794 649 913 688 altera
946 649 1110 688 duceret
1142 649 1299 689 orbem.

117 714 185 746 250
206 706 395 746 Daedalus
426 707 594 759 invidit,
625 719 812 758 sacraque
845 720 891 746 ex
923 720 1010 746 arce
1042 708 1236 747 Minervae

206 766 464 817 Praecipitem
491 767 619 817 misit,
639 766 789 817 lapsum
816 768 1025 805 mentitus.
1053 767 1218 805 atilium
1260 775 1288 802 1.
1310 775 1411 801 cxxvii

208 824 313 870 Quae
347 826 449 863 favet
480 826 647 876 ingeniis
671 856 682 877 ,
714 827 867 876 excepit
898 825 1021 864 Pallas
1043 857 1054 877 ,
1086 837 1273 876 avemque

206 883 420 936 Reddidit,
453 891 492 922 et
525 883 652 922 medio
685 883 823 922 velavit
854 886 893 922 in
926 887 1015 922 aere
1047 885 1210 935 pennis.

212 941 288 980 Sed
321 943 430 993 vigor
463 943 608 993 ingenii
641 941 837 993 quondam
869 942 1011 981 velocis
1045 944 1083 981 in
1116 942 1193 981 alas

119 1008 186 1040 255
206 1000 328 1052 Inque
361 1000 481 1052 pedes
513 1000 637 1039 abiit:
669 1012 810 1039 nomen
844 1001 947 1051 quod
980 1006 1020 1039 et
1051 1006 1168 1053 ante,
1200 1002 1409 1039 remansit.

207 1058 293 1098 Non
327 1065 456 1098 tamen
488 1058 584 1098 haec
616 1059 691 1098 alte
722 1058 891 1098 volucris
924 1071 992 1098 sua
1026 1070 1191 1110 corpora
1224 1058 1346 1111 tollit,

211 1117 292 1157 Nec
323 1118 416 1157 facit
447 1120 487 1157 in
520 1119 638 1156 ramis
671 1117 826 1168 altoque
860 1119 1062 1156 cacumine
1094 1117 1230 1169 nidos3

210 1176 376 1228 Propter
409 1175 572 1215 humum
603 1175 766 1228 volitat,
797 1178 986 1227 ponitque
1017 1177 1056 1215 in
1089 1175 1273 1228 saepibus
1305 1188 1398 1228 ova,

210 1236 450 1286 Antiquique
483 1246 633 1274 memor
666 1236 807 1273 metuit
839 1233 1018 1274 sublimia
1051 1246 1188 1274 casuS.

123 1302 191 1334 260
270 1293 428 1344 lamque
461 1294 662 1344 fatigatum
695 1293 810 1332 tellus
842 1293 1011 1332 Aetnaea
1044 1292 1202 1332 tenebat

213 1351 406 1391 Daedalon
426 1383 437 1404 ,
469 1358 509 1391 et
540 1353 706 1403 sumptis
739 1363 810 1402 pro
843 1351 1019 1402 supplice
1052 1350 1216 1390 Cocalus
1248 1352 1365 1389 armis

212 1411 315 1450 Mitis
347 1410 592 1450 habebatur:
625 1412 700 1449 iam
732 1409 980 1449 lamentabile
1011 1409 1184 1448 Athenae

213 1469 389 1509 Pendere
422 1469 621 1508 desierant
651 1468 803 1507 Thesea
834 1467 948 1507 laude
980 1467 1194 1508 tributum.

212 1527 371 1580 Templa
404 1533 672 1580 coronantur,
704 1526 1023 1578 bellatricemque
1055 1526 1267 1566 Minervam

124 1595 192 1627 265
213 1587 311 1626 Cum
343 1586 432 1625 Iove
464 1586 602 1638 disque
635 1591 774 1625 vocant
805 1585 918 1637 aliis,
951 1597 1049 1636 quos
1081 1587 1270 1636 sanguine
1304 1591 1390 1624 voto

214 1644 524 1696 Muneribusque
558 1645 658 1684 datis
691 1650 730 1683 et
761 1645 907 1683 acerris
940 1645 1040 1683 turis
1072 1644 1256 1682 adorant.

217 1704 423 1756 Sparserat
453 1703 652 1755 Argolicas
686 1715 828 1742 nomen
861 1714 954 1753 vaga
986 1702 1086 1741 sama
1117 1714 1188 1753 per
1220 1701 1338 1740 urbes

214 1763 388 1802 Theseos
407 1794 418 1814 ,
450 1768 490 1801 et
519 1761 683 1814 populi,
715 1773 812 1812 quos
844 1760 952 1799 dives
983 1760 1126 1799 Achaia
1157 1761 1285 1812 cepit,

215 1821 341 1860 Huius
373 1832 486 1872 opem
518 1821 668 1871 magnis
699 1819 943 1871 inploravere
976 1818 1156 1869 periclis.

129 1888 196 1920 270
217 1879 342 1919 Huius
374 1891 489 1931 opem
521 1879 720 1931 Calydon,
754 1879 928 1929 quamvis
959 1876 1180 1928 Meleagron
1213 1875 1398 1928 haberet,

218 1938 390 1978 Sollicita
422 1937 586 1990 supplex
618 1938 730 1989 petiit
761 1948 908 1988 prece.
947 1947 1062 1974 causa
1093 1935 1252 1986 petendi

220 1997 296 2036 Sus
328 2003 440 2049 erat,
472 1996 637 2035 infestae
670 1995 838 2034 famulus
870 1992 1285 2045 vindexque-Dianae.

218 2055 348 2095 Oenea
381 2067 548 2106 namque
581 2055 714 2094 serunt
744 2053 849 2105 pleni
881 2052 1131 2092 successibus
1163 2053 1252 2090 anni

219 2114 415 2153 Primitias
448 2114 605 2164 frugum
638 2112 802 2163 Cereri,
834 2123 903 2150 sua
936 2113 1024 2150 vina
1057 2110 1206 2162 Lyaeo,

131 2180 197 2212 275
219 2171 407 2211 Palladios
440 2171 557 2211 ssavae
589 2171 724 2210 latices
756 2170 896 2209 libasse
929 2169 1146 2208 Minervae.

220 2231 390 2282 Coeptus
422 2230 469 2269 ab
501 2229 680 2281 agricolis
713 2241 878 2280 superos
909 2229 1089 2280 pervenit
1121 2226 1166 2266 ad
1200 2238 1334 2266 omnes

219 2289 458 2329 Ambitiosus
490 2288 645 2328 honor:
677 2287 778 2327 solas
809 2289 894 2326 sine
926 2293 1015 2326 ture
1046 2286 1202 2325 relictas

222 2348 456 2388 Praeteritae
490 2358 665 2386 cessasse
697 2347 830 2385 serunt
862 2344 1043 2385 Latoidos
1076 2356 1183 2384 aras.
