1527 2580
593 125 644 160 XI
660 152 669 169 ,
695 129 880 161 567—640
896 152 903 160 .
1049 138 1178 161 somnus
1328 124 1413 168 233

191 236 333 276 Invitat
363 247 521 275 somnos
553 235 839 287 crepitantibus
870 233 973 275 unda
1004 234 1166 287 lapillis.

104 303 170 335 605
192 296 290 334 Ante
324 295 428 334 sores
459 295 560 333 antri
594 292 758 333 secunda
792 306 981 346 papavera
1013 294 1154 333 ssorent

191 353 502 404 Innumeraeque
536 352 709 405 herbae,
743 365 907 404 quarum
940 352 987 391 de
1020 352 1117 392 lacte
1150 364 1332 404 soporem

191 412 274 452 Nox
307 412 400 463 legit
432 418 471 450 et
503 413 651 463 spargit
682 423 752 463 per
785 424 924 463 opacas
958 411 1086 450 umida
1119 417 1266 451 terras.

191 470 308 510 lanua
327 502 338 523 ,
370 482 419 509 ne
451 482 564 509 verso
597 469 786 509 stridores
820 470 976 509 cardine
1009 470 1168 522 reddat,

192 529 303 568 Nulla
336 529 450 568 domo
483 534 592 581 tota;
625 534 758 568 custos
790 530 829 567 in
862 529 994 568 limine
1028 529 1179 568 nullus.

104 596 172 626 610
191 590 240 627 At
271 587 399 627 medio
431 593 542 627 torus
575 593 635 626 est
666 587 790 626 ebeno
824 587 1001 626 sublimis
1031 589 1072 626 in
1106 594 1242 641 antro,

110 668 165 674 —
192 646 376 685 Plumeus
394 677 406 698 ,
438 645 646 698 unicolor,
678 645 783 698 pullo
816 646 1004 685 velamIne
1038 652 1188 698 tectus3

191 705 277 751 Quo
310 704 427 744 cubat
457 706 541 756 ipse
574 704 671 744 deus
703 704 889 743 membris
922 705 1107 756 languore
1141 705 1302 745 solutis.

192 763 306 803 Hunc
338 765 443 802 circa
474 765 621 815 passim
654 765 777 802 varias
809 765 999 803 imitantia
1031 764 1175 803 formas

193 821 351 861 Somnia
382 833 478 861 vana
511 823 639 861 iacent
671 822 860 875 totidem,
893 828 988 873 quot
1019 824 1157 861 messis
1190 824 1351 876 aristas,

104 888 170 920 615
193 880 295 920 Silva
327 882 428 932 gerit
460 881 619 920 fronde-s
637 912 648 932 ‚
681 882 824 919 eiectas
855 880 948 919 litus
980 880 1167 919 harenas.
1219 880 1233 895 ⁶

192 939 277 985 Quo
310 939 425 978 simul
457 941 644 991 intravit,
677 939 934 990 manibusque
967 939 1161 978 obstantia
1192 941 1300 992 virgo

193 997 352 1037 Somnia
384 997 573 1050 dimovit,
605 999 725 1036 vestis
756 997 907 1049 fulgore
939 997 1084 1036 reluxit

193 1056 312 1096 Sacra
343 1056 511 1096 domus:
544 1056 732 1107 tardaque
766 1056 863 1095 deus
895 1057 1081 1107 gravitate
1113 1058 1285 1096 iacentes

192 1114 262 1154 Vix
294 1115 428 1155 oculos
461 1114 600 1154 tollens
620 1147 631 1168 ,
662 1116 885 1165 iterumque
917 1116 1140 1166 iterumque
1172 1116 1351 1155 relabens

105 1181 173 1213 620
195 1173 432 1225 Summaque
464 1175 691 1225 percutiens
725 1175 878 1213 nutanti
911 1179 1071 1225 pectora
1102 1181 1258 1227 mento,

192 1232 378 1272 Excussit
409 1232 567 1271 tandem
599 1231 672 1271 sibi
704 1244 776 1284 se,
809 1231 1020 1299 cubitoque
1052 1232 1226 1286 levatus,

194 1291 296 1338 Quid
329 1292 486 1350 veniat,
518 1312 573 1318 —
607 1292 788 1342 cognovit
819 1292 921 1329 enim
949 1312 1004 1318 —
1031 1292 1223 1331 scitatur.
1263 1299 1301 1331 at
1332 1292 1418 1332 illa:

194 1335 378 1402 ‘Somne‚
405 1351 516 1417 quies
542 1361 698 1401 rerum,
725 1349 1009 1402 placidissime,
1037 1349 1203 1403 Somne,
1230 1350 1419 1404 deorum,

194 1407 272 1448 Pax
304 1410 452 1460 animi,
485 1420 602 1459 quem
634 1420 727 1447 cura
759 1409 858 1459 sugit
876 1439 886 1460 ,
920 1409 987 1459 qui
1019 1420 1183 1460 corpora
1216 1409 1324 1448 duris

106 1475 172 1506 6⁴25
193 1467 312 1506 Fessa
343 1468 572 1506 ministeriis
604 1467 754 1506 mulces
786 1478 1023 1518 reparasque
1055 1466 1206 1506 labori!

196 1525 383 1578 Somnia,
416 1537 515 1576 qnae
547 1537 658 1564 veras
691 1531 860 1576 aequent
891 1527 1105 1565 imitamine
1139 1526 1307 1578 formas,

195 1584 388 1624 Herculea
419 1583 613 1623 Trachine
645 1583 736 1623 iube
769 1583 841 1623 sub
874 1585 1041 1635 imagine
1074 1587 1177 1636 regis

195 1643 393 1694 Alcyonen
426 1642 594 1695 adeant,
626 1642 912 1693 simulacraque
945 1643 1130 1694 naufraga
1162 1643 1330 1695 fingant.

196 1701 367 1753 Imperat
396 1701 471 1740 hoc
503 1698 638 1740 1uno.'
678 1707 885 1752 postquam
917 1701 1094 1740 mandata
1127 1703 1302 1754 peregit,

107 1768 176 1800 630
196 1759 269 1802 Iris
302 1759 411 1799 abit:
443 1771 571 1810 neque
604 1760 707 1798 enim
740 1759 906 1798 ulterius
939 1759 1107 1798 tolerare
1140 1762 1293 1811 vaporis

196 1817 282 1857 Vim
313 1824 496 1871 poterat,
527 1817 682 1869 labique
714 1823 759 1856 ut
790 1829 971 1856 somnum
1003 1819 1126 1857 sensit
1156 1820 1196 1857 in
1229 1824 1361 1871 artuS,

195 1876 372 1929 Effugit,
403 1882 444 1916 et
473 1882 622 1916 remeat
652 1888 723 1928 per
756 1888 854 1927 quos
886 1876 1001 1915 modo
1033 1882 1192 1916 venerat
1223 1889 1361 1917 arcuS.

255 1936 304 1975 At
334 1941 447 1988 pater
478 1947 499 1975 e
531 1935 674 1988 populo
708 1940 888 1974 natorum
921 1935 1023 1974 mille
1057 1947 1219 1975 suorum

197 1993 352 2034 Excitat
382 1995 572 2034 artificem
604 1993 948 2045 simulatoremque
980 1994 1126 2045 figurae

110 2061 176 2092 635
197 2052 383 2104 Morphea
403 2084 412 2092 .
451 2065 528 2092 non
561 2052 625 2092 illo
658 2054 786 2092 iussos
818 2052 1015 2091 sollertius
1048 2051 1145 2092 alter

197 2111 394 2163 Exprimit
423 2112 603 2151 incessus
634 2111 862 2162 vultumque
895 2122 1114 2162 sonumque
1145 2111 1355 2164 loquendi3

198 2169 327 2209 Adicit
358 2175 398 2209 et
428 2175 556 2209 vestes
589 2176 628 2209 et
660 2170 959 2209 consuetissima
991 2171 1134 2221 cuique

199 2227 325 2268 verba
345 2259 354 2268 .
393 2228 461 2268 sed
494 2228 557 2268 hic
589 2228 692 2267 solos
724 2229 902 2268 homines
934 2230 1110 2268 imitatur
1129 2259 1139 2268 .
1178 2234 1216 2268 at
1248 2228 1345 2268 alter

198 2287 262 2327 Fit
292 2287 374 2326 sera
392 2319 404 2340 ,
436 2287 479 2326 fit
510 2286 708 2340 volucris,
740 2287 783 2326 [it
813 2286 927 2339 longo
961 2299 1126 2339 corpore
1159 2299 1343 2339 serpens.

111 2354 178 2386 640
197 2345 312 2386 Hunc
343 2345 474 2386 Icelon
506 2347 671 2400 superi,
702 2345 864 2385 mortale
896 2345 1117 2386 Phobetora
1148 2346 1286 2397 vulgus
