1527 2580
558 127 608 162 xl
626 155 634 172 ‚
663 131 847 163 201—272
865 154 872 162 .
1021 141 1145 164 'rm-:1⁸18
1299 127 1380 170 223

157 238 240 279 11118
271 244 311 279 te
343 237 514 290 Peleus,
546 244 591 277 ut
622 250 758 277 somno
791 239 918 278 vincta
950 237 1127 290 iacebas,

158 296 363 350 Occupat:
396 303 435 335 et
467 297 650 347 quoniam
682 296 866 348 precibus
901 304 1086 348 temptata
1116 308 1335 349 repugnas,

71 364 139 396 240
158 355 244 396 Vim
275 362 416 408 parat,
447 356 653 394 innectens
686 354 875 394 ambobus
909 356 1007 395 colla
1037 355 1218 395 lacertis.

159 414 272 461 Quod
303 415 379 453 nisi
411 415 585 453 venisses
604 445 616 467 ,
653 415 808 452 variatis
841 427 955 466 saepe
988 415 1147 467 figuris,
1234 422 1381 449 1··1xiv.

157 473 215 513 Ad
248 472 381 513 solitas
415 478 518 511 artes
537 504 548 525 ‚
580 484 673 511 auso
708 472 809 511 soret
839 472 903 512 ille
934 475 1106 525 potitus.

160 531 236 572 Sed
262 531 377 571 modo
407 537 448 571 tu
474 530 644 571 volucris
664 553 721 558 —
742 530 941 571 volucrem
966 538 1096 571 tamen
1122 531 1185 571 ille
1207 531 1384 584 tenebat;

159 591 272 630 Nunc
304 591 432 641 gravis
463 589 581 628 arbor
608 601 724 629 eras:
762 589 947 630 haerebat
978 593 1016 629 in
1051 590 1191 630 arbore
1217 590 1383 630 Peleus.

70 656 138 688 245
159 649 294 689 Tertia
325 649 449 688 forma
482 649 556 687 suit
588 648 808 688 maculosae
842 649 1023 700 tigridis:
1062 649 1125 688 illa

158 707 339 747 Territus
371 706 559 746 Aeacides
592 719 613 746 a
646 719 810 759 corpore
842 707 1023 747 bracchia
1057 708 1191 747 solvit.

158 766 292 818 Usque
324 765 419 805 deos
451 765 577 817 pelagi
608 767 697 805 vino
730 778 850 819 super
882 778 1051 818 aequora
1087 767 1172 805 suso

158 825 208 865 Et
238 826 395 876 pecoris
427 824 537 863 fibris
570 829 609 863 et
641 825 747 864 sumo
780 826 880 864 turis
912 826 1070 877 adorat,

158 884 290 923 Donec
323 883 557 935 Carpathius
589 883 716 922 medio
749 883 795 922 de
828 885 981 935 gurgite
1013 890 1120 923 vates

72 950 138 982 250
159 940 339 982 ‘Aeacide
358 938 385 995 ‚⁹
417 942 515 981 dixit
546 939 738 981 ‘thalamis
769 944 920 993 potiere
953 944 1116 993 petitis:

158 1001 218 1040 Tu
250 1001 366 1040 modo
385 1032 396 1052 ‚
429 1012 519 1040 cum
550 1000 676 1051 rigido
710 1002 835 1051 sopita
868 1002 1046 1051 quiescet
1076 1002 1116 1038 in
1149 1006 1285 1053 antro,

160 1059 338 1111 ignaram
370 1059 520 1110 laqueis
551 1058 757 1110 vincloque
788 1060 944 1098 innecte
976 1060 1126 1098 tenaci.

158 1117 240 1157 Nec
271 1124 310 1157 te
342 1117 511 1169 decipiat
543 1123 702 1157 centum
734 1119 897 1157 mentita
929 1119 1097 1170 figuras,

162 1175 238 1216 Sed
277 1188 443 1228 preme,
483 1176 670 1227 quicquid
709 1177 811 1228 erit,
850 1176 943 1216 dum
980 1176 1085 1227 quod
1124 1176 1198 1216 fuit
1235 1182 1348 1230 ante,

1157 1235 1346 1274 reformet
1359 1231 1384 1274 .’

72 1301 139 1333 255
159 1293 319 1333 Dixerat
349 1293 446 1333 haec
477 1293 644 1333 Proteus
678 1300 717 1332 et
749 1293 923 1333 condidit
954 1305 1123 1345 aequore
1155 1293 1330 1345 vultum,

160 1352 406 1404 Admisitque
438 1364 531 1391 suos
563 1355 603 1391 in
635 1351 752 1391 verba
784 1354 994 1392 novissima
1025 1353 1190 1391 fluctus.

159 1411 315 1451 Pronus
349 1417 433 1450 erat
463 1410 577 1449 Titan
610 1410 874 1462 inclinatoque
907 1410 1066 1450 tenebat

159 1469 394 1521 Hesperium
428 1476 584 1508 temone
617 1470 791 1523 fretum,
824 1482 914 1508 cum
945 1469 1109 1521 pulchra
1141 1469 1288 1508 relecto

159 1528 298 1567 Nereis
329 1527 551 1579 ingreditur
583 1533 771 1567 consueta
804 1527 947 1567 cubilia
978 1540 1094 1567 saxo.

72 1594 139 1627 260
159 1586 229 1626 Vix
262 1585 362 1626 bene
396 1588 591 1638 virgineos
621 1586 763 1626 Peleus
794 1588 990 1626 invaserat
1020 1592 1153 1639 artus,

159 1645 227 1684 llla
258 1650 375 1684 novat
405 1645 551 1684 formas
569 1676 580 1697 ‚
616 1644 741 1684 donec
773 1657 844 1685 sua
875 1644 1051 1684 membra
1082 1645 1210 1683 teneri

161 1703 291 1742 Sentit
321 1708 362 1742 et
391 1705 432 1742 in
463 1708 595 1755 partes
625 1703 797 1743 diversas
829 1703 1011 1743 bracchia
1043 1703 1172 1742 tendi.

161 1761 263 1801 Tum
295 1761 453 1801 demum
484 1763 703 1812 ingemuit:
737 1759 895 1813 ‘neque'
929 1763 983 1800 ait
1015 1759 1114 1800 ‘sine
1147 1762 1307 1800 numine

1239 1821 1385 1873 vincis,

160 1878 341 1919 Exhibita
367 1884 505 1930 estque
525 1879 661 1918 Thetis
676 1876 701 1918 .'
734 1880 953 1918 confessam
973 1879 1221 1930 amplectitur
1246 1877 1385 1931 heros,

73 1945 139 1977 265
159 1937 209 1977 Et
240 1939 388 1990 potitur
420 1939 521 1977 votis
553 1939 779 1989 ingentique
812 1938 948 1989 implet
979 1937 1149 1977 Achille.

218 1996 327 2036 Felix
359 2002 398 2036 et
429 2002 519 2036 nato
538 2028 550 2050 ‚
582 1996 672 2035 selix
705 2003 744 2035 et
776 1998 941 2047 coniuge
973 1995 1139 2048 Peleus,

160 2054 210 2094 Et
242 2056 306 2094 cui
323 2085 335 2108 ,
367 2056 399 2093 si
432 2055 564 2094 demas
597 2054 760 2106 iugulati
793 2056 956 2094 crimina
988 2054 1132 2106 Phoci,

162 2113 299 2152 Omnia
333 2114 607 2164 contigerant.
646 2114 819 2153 fraterno
852 2115 1041 2164 sanguine
1073 2117 1225 2152 sontem

160 2171 456 2224 Expulsumque
489 2171 603 2210 domo
636 2174 760 2223 patria
791 2171 999 2211 Trachinia
1030 2171 1146 2211 tellus

72 2238 140 2271 270
160 2231 340 2282 Accipit.
378 2230 443 2269 hic
475 2242 641 2282 regnum
674 2232 758 2270 sine
789 2232 857 2283 vi,
888 2231 972 2270 sine
1005 2229 1120 2270 caede
1153 2228 1314 2281 regebat

159 2288 341 2328 Lucifero
374 2290 552 2340 genitore
585 2295 692 2328 satus
711 2320 722 2342 ‚
752 2290 1001 2341 patriumque
1033 2290 1202 2328 nitorem

161 2346 239 2387 Ore
271 2348 403 2387 serens
436 2346 569 2400 Ceyx.
606 2347 671 2387 illo
705 2349 772 2400 qui
804 2354 980 2400 tempore
1013 2354 1184 2387 maestus
