1518 2501
117 53 171 95 32
351 63 480 88 cvcuve
665 48 879 85 ΜΕΤΑΜΜ
893 75 901 83 .

236 160 320 201 Huc
352 168 414 201 eat
445 168 561 213 atque
594 160 686 199 illuc
718 165 786 211 et,
818 158 910 197 dum
942 157 1063 210 licet,
1094 156 1227 196 oscula
1258 153 1427 208 iungat?

234 221 318 260 Non
352 222 445 260 satis
477 225 566 270 est3
599 219 750 257 truncis
783 217 947 256 avellere
980 227 1145 267 corpora
1177 221 1341 267 temptat

234 279 283 318 Et
315 285 470 318 teneros
504 276 682 316 manibus
714 288 842 315 ramos
875 275 1099 326 abrumpit.
1139 279 1178 313 at
1208 274 1297 312 inde

147 346 214 378 360
237 338 478 388 Sanguineae
511 341 697 388 manant,
730 341 925 386 tamquam
958 334 1006 372 de
1038 333 1198 372 vulnere
1217 364 1229 385 ,
1260 337 1415 384 guttae.

235 395 371 435 ‘Parce
385 428 395 448 ,
409 407 551 447 precor
563 427 574 447 ,
589 399 712 434 mater
721 391 747 447 ,⁹
763 405 1033 445 quaecumque
1049 398 1109 431 est
1123 392 1253 430 saucia
1265 422 1276 444 ,
1297 390 1458 442 clamat,

236 453 371 493 ‘Parce
390 486 401 506 ,
432 452 603 505 precor!
636 459 815 492 nostrum
848 452 1042 491 laceratur
1061 453 1100 490 in
1130 450 1271 489 arbore
1291 461 1456 501 corpus.

237 513 393 563 lamque
424 508 523 551 vale'
556 533 611 540 —
645 518 778 551 cortex
810 513 849 550 in
881 510 999 550 verba
1031 510 1241 548 novissima
1272 511 1399 548 venit.

236 571 327 610 Inde
360 571 489 610 fluunt
519 570 730 623 lacrimae,
763 570 982 621 stillataque
1015 568 1096 608 sole
1127 569 1331 619 rigescunt

149 638 216 669 365
240 629 293 668 De
326 631 444 668 ramis
477 629 622 669 electra
655 631 792 681 novis,
826 641 923 680 quae
956 628 1110 667 lucidus
1142 627 1265 665 amnis

235 687 389 740 Excipit
420 694 460 728 et
491 688 656 727 nuribus
688 690 807 727 mittit
838 687 1023 738 gestanda
1054 686 1224 725 Latinis.

294 747 414 786 Affuit
444 747 536 786 huic
562 752 738 786 monstro
771 746 910 831 pro&
935 745 1155 784 Stheneleia
1188 743 1366 795 Cycnus,

238 805 314 852 Qui
347 805 417 844 tibi
449 802 630 845 materno
660 806 835 856 quamvis
868 817 888 843 a
921 805 1110 855 sanguine
1141 805 1325 854 iunctus,

237 864 366 903 Mente
387 870 516 904 tamen
535 896 546 917 ,
578 864 779 903 Phaethon
799 895 809 916 ,
841 865 1003 914 propior
1023 863 1120 902 suit.
1158 861 1221 900 ille
1253 861 1390 900 relicto
1406 882 1458 887 ——

150 931 218 963 370
238 923 334 961 Nam
367 922 557 974 Ligurum
588 923 754 974 populos
786 928 824 961 et
850 934 1007 973 magnas
1039 926 1195 960 rexerat
1225 919 1345 959 urbes
1377 939 1432 947 —

239 981 407 1033 Imperio
439 983 544 1034 ripas
570 981 714 1020 virides
747 993 979 1032 amnemque
1013 979 1200 1032 querellis

239 1039 455 1080 Eridanum
484 1039 667 1093 implerat
697 1040 912 1092 silvamque
943 1037 1148 1079 sororibus
1178 1041 1358 1078 auctam:

241 1098 337 1137 Cum
369 1112 443 1138 vox
474 1105 534 1139 est
566 1105 724 1139 tenuata
756 1101 869 1152 viro,
901 1111 1100 1150 canaeque
1132 1098 1292 1151 capillos

240 1157 494 1198 D1ssi1nulant
525 1158 708 1211 plumae,
741 1158 961 1209 collumque
995 1170 1015 1196 a
1046 1163 1207 1209 pectore
1239 1157 1352 1208 longe

152 1223 219 1255 375
240 1216 462 1268 Porrigitur
479 1248 491 1270 ,
524 1217 745 1268 digitosque
778 1217 870 1268 ligat
902 1219 1084 1255 iunctura
1115 1215 1328 1268 rubentes»,

240 1275 372 1313 Penna
404 1275 504 1314 latus
537 1277 681 1326 vestit,
714 1281 822 1315 tenet
859 1288 902 1314 os
935 1277 1018 1314 sine
1057 1277 1236 1314 acumine
1269 1280 1464 1315 rostrum.

240 1333 301 1372 Fit
332 1346 429 1373 nova
449 1333 602 1386 Cycnus
623 1336 702 1373 avis
721 1348 730 1386 3
763 1346 836 1373 nec
856 1346 897 1373 se
919 1334 1104 1385 caeloque
1132 1334 1289 1385 Iovique
1348 1342 1378 1369 f.
1396 1342 1465 1369 xiv.

243 1391 405 1445 Credit,
438 1399 481 1432 ut
512 1394 656 1432 iniuste
684 1394 792 1432 missi
824 1405 975 1432 memor
1006 1395 1107 1444 ignis
1139 1392 1185 1431 ab
1218 1392 1307 1432 illo:

244 1450 386 1502 Stagna
417 1453 515 1503 petit
545 1451 777 1503 patulosque
810 1452 945 1504 lacus3
977 1454 1185 1502 ignemque
1218 1463 1384 1503 perosus

155 1517 223 1549 380
245 1509 351 1555 Quae
385 1511 514 1563 colat,
547 1510 663 1561 elegit
695 1512 890 1550 contraria
922 1511 1081 1549 flumina
1113 1510 1300 1549 nammis.

303 1568 510 1620 Squalidus
542 1571 692 1608 interea
724 1571 878 1621 genitor
911 1569 1164 1608 Phaethontis
1196 1575 1237 1608 et
1262 1581 1401 1621 expers

243 1625 331 1678 Ipse
364 1629 425 1666 sui
457 1628 611 1667 decoris
630 1660 640 1680 ,
667 1628 791 1678 qualis
826 1640 914 1667 cum
947 1628 1079 1667 deficit
1110 1627 1246 1667 orbem

243 1685 340 1725 Esse
373 1685 501 1739 solet,
532 1686 738 1738 lucemque
772 1686 853 1726 odit
886 1699 1006 1738 seque
1038 1689 1122 1740 ipse
1154 1687 1360 1740 diemque,

245 1744 393 1796 Datque
425 1746 598 1784 animum
629 1747 669 1784 in
700 1745 831 1784 luctus
863 1752 902 1785 et
933 1745 1104 1785 luctibus
1137 1746 1255 1784 adicit
1286 1748 1407 1799 iram,

158 1811 224 1842 385
246 1803 506 1855 Officiumque
540 1810 655 1855 negat
686 1804 832 1843 mundo
853 1835 862 1844 .
902 1801 1026 1843 ‘satis'
1059 1806 1187 1856 inquit
1219 1801 1281 1843 ‘ab
1313 1805 1396 1843 aevi

246 1861 340 1901 Sors
372 1874 457 1901 mea
488 1864 692 1914 principiis
724 1864 798 1902 fuit
828 1865 1291 1915 inreqiiieffipigetqiie

246 1921 431 1960 Actorum
464 1923 547 1960 sine
581 1923 656 1960 [ine
688 1922 783 1960 mihi
801 1953 813 1975 ,
846 1924 929 1961 sine
956 1922 1105 1960 honore
1137 1921 1337 1961 laborum.

248 1979 419 2024 Quilibet
450 1980 547 2019 alter
580 1986 666 2032 agat
696 1986 899 2032 portantes
931 1981 1077 2020 lumina
1102 1979 1273 2020 currus!

248 2037 288 2075 Si
320 2050 434 2076 nemo
467 2045 555 2091 est,
588 2052 802 2091 omnesque
835 2040 898 2079 dei
930 2052 1008 2078 non
1039 2052 1156 2091 posse
1189 2040 1384 2093 fatentur,

161 2095 334 2147 3901pse
366 2102 479 2149 agat3
511 2103 554 2136 ut
586 2098 750 2151 saltem,
783 2099 874 2138 dum
907 2106 1060 2138 nostras
1092 2104 1257 2150 temptat
1275 2097 1466 2151 habenas,

247 2153 440 2193 Orbatura
471 2162 601 2206 patres
633 2157 840 2208 aliquando
874 2158 1035 2197 fulmina
1065 2164 1206 2209 ponat.

248 2213 348 2252 Tum
380 2215 505 2266 sciet,
537 2216 762 2266 ignipedum
795 2218 896 2256 vires
927 2223 1114 2268 expertus
1145 2228 1362 2269 equorum,

248 2271 333 2310 Non
365 2274 555 2312 meruisse
583 2286 747 2327 necem,
780 2277 847 2326 qui
879 2288 956 2315 non
989 2275 1088 2314 bene
1120 2276 1268 2314 rexerit
1297 2274 1386 2314 illos
1400 2271 1425 2313 .’
