1554 2506
119 86 174 128 96
339 97 499 120 mmmm
672 80 884 117 METAMM
898 106 907 116 .

236 195 364 235 Imber
397 201 481 234 erat
513 215 566 222 -
600 189 737 231 ‘vitare
770 203 887 231 meo.
926 189 1083 230 subiere
1115 186 1296 230 minores'

239 255 362 306 Saepe
395 265 503 293 casas
536 252 670 302 superi
690 247 730 289 .''
770 250 884 289 dictis
916 255 956 289 et
986 255 1163 301 tempore
1195 255 1322 289 motae

237 314 535 362 Annuimusque
567 311 650 348 viro
670 340 681 362 ‚
712 310 936 360 primasque
968 309 1199 346 intravimus
1231 307 1369 347 aedeS.

152 380 219 412 285
240 372 446 411 Desierant
476 368 622 407 imbres
641 399 653 420 ‚
683 369 865 419 victoque
899 365 1147 418 aquilonibus
1180 372 1312 405 austro

236 430 280 470 F1
297 441 361 469 sca
392 432 602 479 repurgato
634 426 836 478 fugiebant
866 424 998 465 nubila
1030 424 1160 464 caelo.

236 443 409 568 Lylpetus
441 488 499 525 ire
531 486 632 525 fuit.
671 484 816 524 claudit
847 496 917 524 sua
948 488 1051 523 tecta
1082 483 1284 535 Pyreneus
1302 514 1314 536 ,

237 546 401 597 &imque
433 550 545 596 parat
564 575 573 584 .
612 555 728 595 quam
753 555 825 583 nos
858 544 1025 593 sumptis
1058 542 1265 593 effugimus
1297 541 1388 580 alis.

238 605 326 656 lpse
360 609 545 643 secuturo
578 603 715 642 similis
747 603 857 642 stetit
888 602 1034 641 arduus
1067 613 1179 652 arce,

150 672 218 704 290
239 660 370 708 “Qua'
392 675 468 714 que
502 659 576 701 ‘via
604 666 663 701 est
682 660 791 700 vobis
810 693 821 713 ,
854 662 929 699 erit
948 666 987 699 et
1008 656 1116 698 mihi'
1138 658 1236 699 dixit
1255 656 1406 699 ‘eadem
1417 655 1458 711 ,⁹³

238 722 367 773 Seque
399 722 490 760 iacit
522 732 659 760 vecors
691 732 712 759 e
744 731 917 758 summae
950 718 1119 757 culmine
1152 719 1298 771 turris,

237 780 287 819 Et
319 779 422 819 cadit
452 781 493 818 in
524 779 685 831 vultus,
717 778 963 829 discussique
996 775 1151 816 ossibus
1183 778 1263 815 oris

238 838 386 878 Tundit
416 838 580 877 humum
612 839 784 876 moriens
817 836 1008 876 scelerato
1041 836 1229 886 sanguine
1261 836 1424 875 tinctam
1439 832 1461 873 .’

238 898 348 937 Musa
379 897 642 949 loquebatur:
674 907 824 947 pennae
857 906 1026 934 sonuere
1058 906 1130 946 per
1161 905 1299 947 auras,

152 965 218 996 295
239 956 399 1007 Voxque
432 955 669 995 salutantum
702 955 820 993 ramis
851 953 1032 992 veniebat
1063 952 1110 991 ab
1143 952 1252 992 altis.

241 1015 447 1067 Suspicit,
479 1020 518 1053 et
548 1014 703 1065 linguae
722 1045 733 1066 ‚
766 1014 948 1064 quaerit,
979 1018 1059 1051 tam
1091 1017 1199 1050 certa
1229 1010 1435 1062 loquentes

239 1073 350 1113 Unde
382 1079 550 1112 sonent.
588 1072 864 1123 hominemque
896 1076 1008 1122 putat
1038 1069 1126 1109 Iove
1158 1075 1247 1109 nata
1266 1069 1463 1109 locutum.

240 1132 329 1171 Ales
361 1138 472 1171 erat.
512 1142 757 1181 numeroque
789 1141 959 1181 novem,
991 1140 1061 1167 sua
1092 1129 1169 1167 fata
1202 1133 1435 1180 querentes,

240 1190 470 1230 Institerant
500 1191 619 1229 ramis
649 1190 847 1228 imitantes
880 1189 1008 1227 omnia
1038 1188 1170 1239 picae.

153 1258 221 1290 300
239 1249 397 1288 Miranti
429 1250 484 1288 sic
516 1260 605 1287 orsa
637 1248 731 1287 deae
764 1247 863 1287 dea.
902 1244 1044 1298 ‘nuper
1076 1251 1116 1285 et
1144 1248 1242 1285 istae

240 1309 445 1347 Auxerunt
475 1307 679 1346 volucrum
710 1307 834 1345 victae
867 1306 1078 1345 certamine
1111 1304 1289 1344 turbam.

241 1367 378 1406 Pieros
404 1366 474 1405 has
506 1366 642 1417 genuit
672 1364 836 1405 Pellaeis
869 1364 975 1403 dives
1008 1365 1048 1402 in
1081 1364 1207 1403 arvis:

241 1425 408 1465 Paeonis
440 1424 593 1476 Euippe
624 1428 750 1463 mater
781 1424 882 1462 fuit.
921 1423 985 1462 illa
1015 1427 1217 1474 potentem

242 1483 432 1523 Lucinam
464 1485 626 1522 noviens
645 1514 656 1535 ,
688 1484 850 1521 noviens
882 1483 1087 1534 paritura,
1118 1482 1289 1520 vocavit.

155 1550 221 1583 305
242 1543 434 1582 Intumuit
464 1553 629 1582 numero
662 1540 891 1580 stolidarum
923 1539 1038 1579 turba
1070 1551 1274 1591 sororum,

242 1601 399 1653 Perque
430 1606 489 1640 tot
518 1600 751 1640 Haemonias
783 1606 823 1639 et
853 1611 923 1651 per
954 1604 1014 1637 tot
1044 1597 1234 1637 Achaidas
1269 1596 1384 1637 urbes

244 1659 330 1699 Huc
361 1661 468 1699 venit
499 1665 539 1698 et
570 1658 636 1698 tali
668 1660 876 1698 committit
906 1657 1054 1709 proelia
1086 1669 1204 1697 voce:

246 1716 452 1758 “Desinite
484 1717 686 1757 indoctum
717 1729 813 1756 vana
845 1716 1052 1756 dulcedine
1084 1715 1223 1767 vulgus

243 1777 392 1817 Fallere
413 1808 422 1816 .
459 1776 664 1816 nobiscum
683 1808 694 1829 ,
726 1777 836 1827 siqua
869 1781 929 1814 est
958 1774 1100 1814 fiducia
1131 1774 1263 1827 vobis,

157 1845 224 1875 310
244 1836 485 1888 Thespiades
503 1867 515 1889 ,
547 1840 694 1874 certate
714 1867 725 1888 ,
756 1835 850 1874 deae
871 1865 880 1874 .
920 1846 993 1873 nec
1025 1846 1119 1873 voce
1138 1865 1149 1886 ,
1181 1845 1254 1872 nec
1286 1838 1369 1872 arte

245 1894 485 1934 Vincemur:
517 1894 759 1945 totidemque
793 1905 928 1932 sumus
948 1924 957 1932 .
995 1891 1214 1941 veszdite
1246 1892 1368 1931 victae

245 1953 368 1992 Fonte
400 1953 607 1992 Medusaeo
639 1958 678 1992 et
708 1952 882 2004 Hyantea
913 1952 1135 2003 Aganippe,

247 2011 316 2050 Vel
347 2024 418 2050 nos
449 2011 639 2051 Emathiis
671 2012 718 2051 ad
749 2011 923 2050 Paeonas
955 2022 1080 2061 usque
1113 2011 1270 2049 nivosos

249 2070 440 2109 Cedamus
473 2072 647 2122 campis.
686 2070 872 2109 dirimant
903 2070 1114 2108 certamina
1146 2067 1337 2120 nymphae
1352 2063 1392 2106 .'’

161 2138 228 2169 315
248 2128 381 2180 Turpe
415 2129 573 2180 quidem
605 2128 842 2168 contendere
875 2134 989 2180 erat,
1019 2126 1088 2167 sed
1121 2126 1261 2166 cedere
1292 2127 1418 2165 visum

248 2187 422 2239 Turpius
441 2218 450 2226 .
489 2187 634 2226 electae
667 2189 798 2227 iurant
828 2199 899 2239 per
931 2186 1090 2225 flumina
1121 2184 1336 2238 nymphae,

251 2246 445 2297 Factaque
478 2245 526 2284 de
558 2247 643 2285 vivo
675 2258 857 2298 pressere
890 2245 1025 2285 sedilia
1057 2257 1171 2284 saxo,

250 2304 362 2344 Tunc
395 2306 478 2344 sine
511 2310 618 2344 sorte
650 2306 759 2357 prior
786 2316 884 2357 quae
923 2316 964 2343 se
998 2309 1149 2343 certare
1180 2304 1357 2355 professa
1389 2306 1473 2354 est,
