1554 2506
153 93 204 134 78
363 105 540 128 'nunnus
694 89 908 125 METAMM
922 118 928 125 .

267 203 447 255 Quidque
481 205 590 242 furor
621 202 772 252 valeat,
804 200 978 240 Penthea
1011 200 1127 240 caede
1160 203 1332 253 satisque

180 270 248 302 430
269 264 322 301 Ac
355 275 472 314 super
506 261 703 300 ostendit.
742 271 814 298 cur
845 271 923 298 non
956 259 1180 299 stimuletur
1213 266 1352 312 eatque

265 322 350 360 Per·
373 327 534 372 cognata
566 322 646 358 suis
679 319 854 369 exempla
887 318 1086 357 furoribus
1119 318 1186 357 lno
1201 316 1238 357 P’

324 379 395 419 Est
425 381 482 417 via
515 378 674 416 declivis
707 378 860 416 funesta
893 377 1023 416 nubila
1058 384 1168 429 taxo,

266 439 296 477 D
329 440 381 477 cit
411 437 456 476 ad
489 438 662 475 infernas
694 449 765 487 per
797 442 904 475 muta
935 436 1088 474 silentia
1121 436 1258 476 sedes.

267 498 292 536 S
312 509 358 547 yx
392 496 552 534 nebulas
585 495 736 534 exhalat
766 497 872 534 iners
891 527 902 547 ‚
934 494 1174 546 umbraeque
1206 501 1387 535 recentes

178 564 244 597 435
265 555 518 594 Descendunt
542 554 629 592 illac
660 554 945 605 simulacraque
978 554 1110 592 functa
1143 554 1384 605 sepulchris.

263 614 391 653 Pallor
423 614 626 664 hiemsque
657 618 794 652 tenent
825 613 898 651 late
931 612 1014 651 loca
1047 618 1155 651 senta
1176 643 1185 651 .
1224 615 1391 664 novique

266 672 349 718 Qua
381 673 432 710 sit
462 674 538 711 iter
557 704 567 724 ,
599 684 732 710 manes
751 703 762 724 ‚
795 671 966 722 Stygiam
998 683 1073 721 qua
1105 670 1222 710 ducat
1252 671 1299 711 ad
1326 671 1464 712 urbem

264 731 476 782 Ignorant,
508 730 576 770 ubi
608 733 658 770 sit
688 732 790 781 nigri
823 731 904 768 sera
935 731 1041 780 regia
1068 729 1186 769 Ditis.

263 790 366 828 Mille
399 802 518 841 capax
550 789 676 828 aditus
709 795 748 827 et
779 795 932 840 apertas
964 788 1138 839 undique
1170 794 1304 840 portas

177 859 244 890 440
264 848 366 888 Urbs
397 848 516 887 habet
536 879 544 887 .
583 855 704 899 utque
738 848 882 886 fretum
916 847 962 886 de
995 852 1075 885 tota
1107 847 1266 886 ssumina
1298 853 1428 901 terra,

265 908 329 946 Sic
361 920 496 946 omnes
529 909 675 945 animas
707 906 816 946 locus
843 907 984 957 accipit
1014 905 1078 944 ille
1097 937 1108 957 ,
1140 919 1213 945 nec
1245 907 1314 946 ulli

264 966 436 1017 Exiguus
468 966 612 1017 populo
645 971 733 1017 est,
766 964 968 1004 turbamve
1001 964 1189 1003 accedere
1221 967 1363 1005 sentit.

264 1025 408 1063 Errant
439 1036 656 1075 exsangues
688 1026 771 1063 sine
805 1036 970 1075 corpore
1003 1029 1042 1062 et
1073 1023 1228 1062 ossibus
1261 1024 1445 1077 umbrae,

263 1083 437 1135 Parsque
471 1084 600 1122 forum
636 1082 866 1134 celebrant,
897 1095 987 1133 pars
1019 1083 1087 1121 imi
1118 1089 1220 1121 tecta
1253 1085 1428 1137 tyranni,

177 1152 243 1182 445
263 1143 359 1181 Pars
391 1142 541 1192 aliquas
573 1148 677 1180 artes
696 1173 707 1193 ‚
739 1143 920 1191 antiquae
953 1142 1166 1179 imitamina
1198 1143 1321 1181 vitae,

179 1210 243 1240 447
267 1201 444 1240 Sustinet
475 1202 533 1239 ire
565 1200 656 1239 illuc
689 1200 847 1238 caelesti
879 1199 972 1238 sede
1004 1199 1164 1252 relicta,

263 1260 431 1298 Tantum
463 1259 561 1298 odiis
594 1261 753 1309 iraeque
786 1258 929 1310 dabat,
957 1258 1139 1297 Saturnia
1171 1258 1292 1298 Iuno.

264 1319 349 1364 Quo
382 1318 497 1356 simul
528 1319 715 1369 intravit,
748 1329 939 1368 sacroque
972 1329 992 1355 a
1025 1329 1190 1368 corpore
1222 1330 1402 1369 pressum

177 1386 243 1417 450
264 1378 457 1428 Ingemui-t
489 1376 635 1429 limen,
666 1378 741 1415 tria
774 1376 970 1415 Cerberus
1002 1376 1142 1414 extulit
1172 1388 1241 1415 ora

263 1436 312 1474 Et
343 1442 424 1474 tres
454 1435 617 1474 latratus
649 1435 764 1473 simul
796 1435 918 1473 edidit
937 1465 945 1473 .
983 1434 1046 1473 illa
1079 1447 1236 1474 sorores

263 1494 385 1533 Nocte
417 1499 528 1532 vocat
559 1495 708 1545 genitas
727 1525 738 1546 ,
769 1505 885 1544 grave
918 1498 957 1532 et
987 1493 1216 1544 inplacabile
1249 1507 1418 1534 numen:

264 1553 441 1591 Carceris
472 1558 560 1591 ante
593 1553 697 1591 fores
730 1552 879 1590 clausas
913 1551 1113 1590 adamante
1147 1552 1358 1607 sedebant,

263 1611 439 1662 Cumque
471 1612 552 1649 suis
584 1619 688 1649 atros
720 1610 930 1662 pectebant
961 1611 1135 1650 crinibus
1168 1623 1336 1662 angues,

178 1678 242 1709 455
265 1670 389 1716 Quam
422 1670 537 1708 simul
569 1675 765 1721 agnorunt
796 1671 899 1708 inter
931 1669 1106 1720 caliginis
1138 1669 1321 1724 umbras,

264 1729 479 1767 Surrexere
513 1728 637 1768 deae:
669 1727 782 1767 sedes
816 1727 1012 1767 Scelerata
1043 1735 1227 1768 vocatur.

262 1786 419 1826 Viscera
450 1786 663 1838 praebebat
694 1786 827 1838 Tityos
859 1786 1035 1825 lanianda
1054 1819 1065 1839 ,
1097 1800 1315 1839 novemque

262 1845 466 1896 iugeribus
499 1846 693 1884 distentus
719 1851 831 1884 erat.
868 1845 939 1884 tibi
957 1877 969 1898 ‚
1000 1845 1160 1884 Tantale
1179 1878 1190 1898 ,
1222 1846 1349 1885 nullae

263 1903 568 1955 Deprenduntur
588 1917 709 1955 aquae
729 1918 739 1956 3
772 1916 949 1955 quaeque
970 1906 1148 1954 imminet
1159 1937 1171 1956 ,
1191 1906 1326 1956 effugit
1345 1903 1481 1946 arbos.

176 1971 242 2002 4⁴20
264 1964 339 2001 Aut
369 1965 470 2014 petis
490 1995 501 2015 ‚
533 1969 599 2002 aut
629 1975 775 2014 urgues
808 1966 1006 2002 ruiturum
1024 1995 1036 2016 ‚
1069 1963 1233 2015 Sisyphe
1251 1996 1264 2016 ‚
1296 1977 1452 2004 saxum.

262 2020 436 2060 Volvitur
468 2021 576 2061 Ixion
609 2028 648 2061 et
679 2034 720 2060 se
753 2024 1009 2073 sequiturque
1042 2022 1243 2073 fugitque.

263 2079 467 2130 Molirique
501 2082 582 2119 suis
613 2081 735 2119 letum
766 2081 1011 2132 patruelibus
1043 2093 1159 2119 ausae

263 2138 449 2176 Assiduae
482 2145 668 2190 repetunt
699 2151 794 2190 quas
826 2139 1020 2192 perdant,
1052 2139 1205 2178 Belides
1236 2139 1382 2179 undas.

264 2196 370 2241 Quos
403 2208 537 2235 omnes
570 2199 651 2236 acie
683 2205 891 2249 postquam
923 2198 1104 2237 Saturnia
1135 2205 1244 2237 torva

177 2262 242 2293 465
262 2254 394 2307 Vidit,
426 2261 466 2294 et
497 2262 584 2294 ante
618 2269 752 2295 omnes
784 2257 916 2295 lxiona
935 2288 946 2309 ‚
978 2269 1117 2296 rursus
1149 2257 1196 2295 ab
1229 2257 1294 2296 illo

264 2313 457 2365 Sisyphon
489 2316 682 2366 aspiciens
716 2312 802 2354 ‘cur
833 2316 896 2354 hic
927 2327 949 2354 e
981 2312 1184 2354 fratribus'
1214 2317 1344 2367 inquit

1477 704 1488 726 ἲ
