1554 2506
107 64 188 108 136
369 79 485 102 usum
652 65 865 101 METAMM
880 94 888 101 .

219 176 286 215 llis
306 208 317 229 ,
349 183 392 216 ut
424 188 602 228 quaeque
635 177 696 227 pia
717 182 778 215 est
795 208 806 229 ‚
838 176 1057 217 hortatibus
1078 180 1195 230 impia
1212 181 1339 232 prima
1359 186 1442 233 est,

129 242 197 274 340
219 235 287 285 [Et
320 247 366 274 ne
400 236 450 274 sit
482 235 699 287 scelerata,
732 235 825 274 facit
854 236 1011 276 scelus.
1050 236 1151 276 haud
1179 243 1308 278 tamen
1339 240 1441 278 ictus

220 293 299 332 Ulla
332 306 424 332 suos
457 299 634 344 spectare
665 299 824 346 potest,
857 295 1070 346 oculosque
1102 295 1310 336 reflectunt
1322 295 1351 349 ,]

219 352 417 403 Caecaque
450 351 542 390 dant
573 353 696 390 saevis
728 364 885 392 aversae
918 354 1078 392 vulnera
1111 353 1280 394 dextris.

219 411 283 449 {lle
302 442 313 463 ‚
345 422 486 449 cruore
518 409 644 449 ssuens
662 442 674 463 ,
706 410 837 450 cubito
872 417 1000 451 tamen
1034 411 1171 452 allevat
1202 418 1334 466 artus,

220 469 268 508 Se
313 469 511 519 ilacerque
547 474 630 507 toro
664 474 829 520 temptat
861 482 1100 522 consurgere
1119 502 1130 524 ,
1162 477 1202 510 et
1231 473 1335 512 inter

129 534 195 567 345
217 528 247 566 T
276 534 292 566 t
324 527 476 566 medius
508 527 655 578 gladios
687 528 870 579 pallentia
902 529 1083 568 bracchia
1118 530 1281 570 tendens

218 584 333 632 ‘Quid
368 587 496 625 facitis
515 617 526 639 ‚
557 592 694 638 gnatae
715 584 736 626 ⁸?
768 587 861 638 quid
895 600 961 627 vos
993 590 1032 627 in
1065 589 1141 628 fata
1172 590 1345 640 parentis

217 646 350 683 Armat
369 641 404 684 ‘?'
437 646 517 684 ait.
557 645 736 684 cecidere
768 646 843 684 iliis
876 648 1072 698 animique
1105 659 1346 699 manusque.

215 703 332 742 Plura
365 703 544 743 locuturo
578 716 668 743 cum
700 703 828 743 verbis
860 711 1019 756 guttura
1052 705 1206 745 Colchis

215 762 408 815 Abstulit,
440 768 480 801 et
511 762 645 801 calidis
677 762 863 802 laniatum
896 765 1034 802 mersit
1064 765 1104 803 in
1137 764 1275 804 undis.

127 827 194 860 350
275 821 387 867 Quod
420 822 495 860 nisi
527 823 706 873 pennatis
739 821 990 873 serpentibus
1022 823 1117 862 isset
1147 824 1188 862 in
1220 834 1358 876 auras,

216 880 300 918 Non
334 886 512 932 exempta
544 880 646 919 foret
677 892 854 932 poenae.
893 881 992 932 fugit
1025 881 1098 920 alta
1130 893 1328 933 superque

214 938 348 977 Pelion
381 939 611 978 umbrosum
630 970 641 991 ‚
672 938 867 991 Philyreia
898 945 1028 992 tecta,
1061 952 1259 991 superque

215 997 365 1049 Othryn
399 1004 437 1037 et
468 1004 608 1037 eventu
641 1000 784 1036 veteris
816 998 900 1037 loca
931 1005 1022 1037 nota
1055 998 1256 1038 Cerambi.
1305 1007 1330 1034 f·
1353 1006 1440 1033 xcix-

216 1055 286 1095 Hic
319 1068 392 1108 ope
425 1056 683 1108 nympharum
717 1056 893 1096 sublatus
926 1059 965 1096 in
999 1061 1088 1096 aera
1119 1058 1258 1109 pennis

127 1120 193 1153 355
217 1114 313 1153 Cum
346 1117 473 1166 gravis
507 1116 634 1154 inluso
668 1115 783 1154 tellus
817 1116 918 1154 soret
950 1115 1089 1155 obruta
1120 1121 1263 1168 ponto,

214 1172 492 1212 Deucalioneas
527 1175 663 1225 effugit
693 1173 902 1213 inobrutus
935 1174 1081 1213 undas.

214 1232 385 1271 Aeoliam
418 1232 581 1271 Pitanen
614 1245 634 1271 a
666 1232 772 1271 laeva
803 1238 915 1284 parte
947 1233 1136 1284 relinquit

214 1290 408 1342 Factaque
440 1291 487 1330 de
520 1303 611 1329 saxo
644 1291 749 1342 longi
781 1291 987 1330 simulacra
1020 1292 1223 1332 draconis:
1359 1300 1388 1326 r.
1409 1308 1439 1328 ο.

214 1349 450 1401 Idaeumque
483 1362 650 1402 nemus,
684 1362 760 1401 quo
794 1352 874 1389 nati
906 1351 1009 1389 furta
1028 1381 1039 1403 ‚
1070 1352 1278 1390 iuvencum

127 1415 192 1446 360
214 1407 396 1447 Occuluit
427 1408 543 1447 Liber
576 1408 660 1447 falsi
694 1408 765 1447 sub
799 1410 965 1460 imagine
999 1411 1126 1449 cervi:
1349 1418 1376 1445 f.
1397 1419 1439 1445 ci.

215 1466 375 1518 Quaque
408 1473 518 1518 pater
551 1467 707 1518 Corythi
741 1480 858 1518 parva
891 1468 1104 1507 tumulatus
1135 1468 1304 1508 harena:
1338 1477 1364 1502 f.
1384 1477 1441 1503 cii.

214 1525 262 1564 Et
294 1538 392 1576 quos
424 1526 550 1565 Maera
585 1538 683 1564 novo
716 1526 857 1565 latratu
890 1528 1033 1565 terruit
1064 1539 1202 1578 agros:
1323 1536 1353 1562 t.
1375 1536 1440 1562 eiu.

214 1583 477 1636 Eurypylique
510 1584 678 1637 urbem,
711 1597 783 1636 qua
819 1585 918 1624 Coae
951 1597 1097 1624 cornua
1129 1592 1274 1625 matres
1324 1595 1352 1621 f·
1373 1594 1440 1621 civ-

216 1642 433 1682 Cesserunt
465 1649 546 1682 tum
581 1656 668 1682 cum
703 1643 924 1682 discederet
956 1643 1135 1683 Herculis
1167 1657 1327 1696 agmen:

125 1708 190 1739 365
212 1701 513 1753 Phoebeamque
547 1702 710 1740 Rhodon
744 1708 782 1740 et
813 1702 971 1753 Ialysios
1004 1702 1235 1757 Telchinas,

216 1760 392 1806 Quorum
425 1760 559 1800 oculos
592 1763 676 1812 ipso
710 1762 892 1800 vitiantes
924 1763 1053 1800 omnia
1084 1763 1170 1801 visu

215 1819 387 1871 luppiter
420 1831 562 1859 exosus
594 1820 778 1858 fraternis
810 1819 984 1859 subdidit
1015 1820 1152 1860 undis.
1341 1830 1369 1856 ¹-
1388 1837 1441 1856 ον.

213 1877 372 1917 Transit
404 1883 442 1917 et
474 1880 656 1929 antiquae
690 1877 869 1917 Cartheia
900 1878 1209 1937 moenuCeae,
1475 1877 1478 1879 ’

214 1936 297 1981 Qua
330 1943 440 1988 pater
473 1937 688 1976 Alcidamas
720 1936 911 1988 placidam
943 1937 990 1976 de
1023 1950 1189 1989 corpore
1222 1945 1333 1978 natae

124 2001 191 2034 3Ίο
212 1994 423 2034 Miraturus
457 2002 541 2035 erat
573 1997 680 2035 nasei
710 1998 887 2047 potuisse
919 1995 1157 2035 columbam.
1327 2007 1356 2031 t.
1376 2005 1438 2032 cvi-

217 2053 308 2092 lude
341 2053 447 2092 lacus
479 2054 620 2106 Hyries
653 2054 757 2093 videt
788 2060 828 2094 et
859 2054 1026 2106 Cycneia
1057 2055 1228 2108 Tempe,

215 2112 321 2157 Quae
354 2112 507 2152 subitus
542 2113 752 2152 celebravit
783 2113 867 2152 olor
888 2144 897 2152 .
935 2126 1024 2152 nam
1056 2113 1229 2166 Phyllius
1261 2114 1339 2154 illic

214 2170 382 2221 Imperio
415 2173 526 2222 pueri
561 2172 820 2223 volucresque
855 2172 1061 2223 ferumque
1092 2173 1247 2212 leonem

213 2228 444 2268 Tradiderat
475 2229 672 2270 domitos.
711 2237 869 2270 taurum
901 2243 1058 2282 quoque
1091 2233 1248 2270 vincere
1280 2232 1411 2271 iussus

124 2294 191 2326 375
214 2286 396 2340 Vicerat,
428 2293 468 2326 et
499 2295 632 2340 spreto
667 2291 811 2329 totiens
842 2291 967 2328 iratus
1000 2301 1131 2329 amore
