1527 2580
580 115 647 151 V11
663 144 670 159 ‚
699 108 882 152 192-2264
898 145 905 152 .
1057 130 1170 152 „anu
1332 119 1410 160 133

191 225 309 266 Multa
329 238 485 278 quoque
506 227 737 280 Amphrysi3
765 238 891 278 neque
913 238 999 266 eras
1020 228 1216 279 inmunis,
1237 227 1385 280 Enipeu
1403 242 1410 267 :

104 294 171 325 230
191 285 272 324 Nec
303 297 382 324 non
413 284 569 324 Peneus
588 317 599 338 ,
632 297 702 324 nee
735 297 812 324 non
846 285 1106 337 Spercheides
1139 286 1266 324 undae

190 343 451 383 contribuere
483 343 627 394 aliquid
651 376 663 397 ‚
695 345 932 395 iuncosaque
966 344 1077 383 litora
1110 343 1281 384 Boebes.

192 402 346 454 Carpsit
377 408 417 442 et
446 401 619 441 Euboica
652 404 759 440 vivax
792 403 1020 441 Anthedone
1054 415 1238 455 gramen,

191 461 373 500 Nondum
404 467 553 500 mutato
587 460 783 511 vulgatum
816 473 980 512 corpore
1014 461 1171 500 Glauci.

191 518 240 558 Et
270 521 346 558 iam
371 531 473 558 nona
504 519 589 558 dies
622 531 741 558 curru
774 522 991 571 pennisque
1024 520 1239 559 draconum

105 586 171 618 235
193 578 380 629 Nonaque
413 589 489 617 nox
521 590 658 617 omnes
690 578 923 617 lustrantem
956 578 1105 617 viderat
1136 590 1273 631 agros,

192 636 289 675 Cum
310 635 428 675 rediit
448 667 455 675 .
495 648 623 687 neque
651 643 763 676 erant
783 638 875 675 tacti
895 669 905 689 ,
932 638 1006 675 nisi
1027 637 1145 675 odore
1164 669 1176 690 ,
1202 637 1390 677 dracones
1405 669 1415 689 ‚

192 694 241 734 Et
271 700 403 734 tamen
437 706 606 734 annosae
639 695 779 747 pellem
812 707 979 747 posuere
1013 703 1214 736 senectae.

193 753 378 792 Constitit
408 754 618 793 adveniens
651 756 747 793 citra
780 754 976 805 limenque
1010 754 1216 806 foresque,

192 811 241 851 Et
271 817 423 852 tantum
456 812 562 852 caelo
595 815 769 863 tegitur:
802 814 1024 863 refugitque
1057 813 1188 851 viriles

104 879 173 910 240
195 871 435 910 Contactus.
474 873 688 922 statuitque
721 883 806 910 aras
839 883 859 910 e
892 873 1062 922 caespite
1094 871 1228 923 binas,

193 929 424 968 Dexteriore
455 929 623 968 Hecates
643 961 654 981 ‚
686 935 745 968 ast
776 929 880 968 laeva
913 935 1023 980 parte
1056 929 1239 969 luventae
1260 961 1269 969 .

191 987 269 1027 Has
301 987 369 1027 ubi
401 987 581 1026 verbenis
614 987 787 1038 silvaque
820 989 984 1026 incinxit
1015 990 1182 1040 agresti,

194 1045 303 1086 Haud
335 1046 474 1097 procul
505 1052 637 1098 egesta
669 1045 875 1085 scrobibus
907 1045 1046 1085 tellure
1078 1045 1229 1085 duabus

195 1104 311 1144 Sacra
344 1106 466 1158 facit,
498 1105 724 1156 cultrosque
757 1106 797 1143 in
830 1110 988 1156 guttura
1020 1104 1176 1143 velleris
1203 1107 1277 1145 atri

106 1170 174 1203 245
196 1163 348 1202 Conicit
366 1195 377 1216 ,
409 1169 450 1202 et
478 1163 630 1215 patulas
662 1163 864 1215 perfundit
896 1165 1083 1214 sanguine
1118 1164 1262 1202 fossas.

194 1221 294 1261 Tum
327 1233 446 1273 super
478 1223 686 1273 invergens
719 1221 856 1272 liquidi
888 1222 1085 1260 carchesia
1118 1221 1255 1260 bacchi

194 1281 402 1331 Aeneaque
435 1282 641 1332 invergens
674 1280 794 1332 tepidi
827 1280 1026 1319 carchesia
1057 1279 1166 1319 lactis

197 1338 321 1378 Verba
353 1338 468 1378 simul
501 1338 602 1378 fudit
619 1371 630 1391 ‚
663 1344 899 1390 terrenaque
932 1340 1091 1378 numina
1124 1340 1238 1391 civit,

197 1396 510 1448 Umbrarumque
542 1403 654 1449 rogat
685 1403 794 1449 rapta
827 1409 916 1436 cum
948 1399 1113 1448 coniuge
1146 1409 1302 1450 regem,

108 1463 175 1496 250
195 1455 252 1495 Ne
283 1461 499 1508 properent
529 1462 639 1495 artus
671 1457 798 1494 anima
830 1455 1010 1494 fraudare
1043 1455 1180 1495 senili.

195 1514 303 1561 Quos
334 1514 402 1553 ubi
433 1514 598 1566 placavit
629 1514 893 1566 precibusque
925 1520 964 1553 et
996 1526 1197 1553 murmure
1229 1514 1368 1565 longo,

195 1574 359 1612 Aesonis
391 1574 553 1612 effetum
584 1574 755 1625 proferri
787 1585 931 1624 corpus
964 1572 1010 1611 ad
1043 1585 1157 1612 auras

197 1631 317 1671 lussit
334 1663 346 1684 ‚
377 1637 417 1671 et
447 1633 488 1671 in
519 1631 657 1683 plenos
690 1632 909 1671 resolutum
942 1633 1113 1670 carmine
1147 1642 1304 1669 somnos

200 1689 377 1729 Exanimi
409 1689 576 1729 similem
608 1692 742 1730 stratis
773 1691 950 1742 porrexit
981 1691 1021 1728 in
1053 1689 1210 1728 herbis.

111 1756 178 1788 255
200 1748 299 1788 ilinc
329 1748 468 1800 procul
501 1749 722 1788 Aesoniden
742 1781 753 1802 ‚
784 1748 922 1801 procul
953 1748 1044 1787 hinc
1077 1747 1186 1786 iubet
1217 1749 1274 1786 ire

1199 1806 1421 1857 ministros,

198 1865 248 1905 Et
277 1872 412 1906 monet,
442 1867 595 1906 arcanis
627 1866 762 1906 oculos
794 1877 996 1905 removere
1028 1865 1234 1916 profanos.

199 1924 416 1976 Diffugiunt
446 1926 572 1964 iussi.
610 1926 735 1977 passis
767 1924 899 1963 Medea
933 1923 1082 1975 capillis

198 1982 462 2023 Bacchantum
494 1985 574 2023 ritu
606 1983 815 2035 flagrantes
847 1984 989 2022 circuit
1020 1994 1130 2035 aras,

198 2041 487 2093 Multifidasque
519 2042 622 2082 faces
655 2044 693 2081 in
727 2042 829 2080 fossa
861 2042 1061 2092 sanguinis
1093 2045 1176 2079 atra

110 2107 178 2140 260
198 2099 359 2152 Tinguit
376 2131 388 2153 ,
420 2106 459 2139 et
489 2101 654 2139 infectas
687 2101 852 2151 geminis
884 2098 1062 2138 accendit
1093 2100 1133 2138 in
1165 2099 1266 2138 aris:

198 2158 354 2210 Terque
376 2170 511 2198 senem
532 2158 684 2197 namma
703 2190 713 2210 ‚
746 2164 807 2197 ter
838 2170 938 2209 aqua
955 2189 968 2211 ‚
998 2163 1060 2197 ter
1080 2157 1241 2209 sulpure
1261 2156 1423 2196 lustrat.

198 2216 352 2256 Interea
384 2216 555 2256 validum
587 2219 715 2269 posito
748 2216 989 2256 medicamen
1023 2219 1119 2255 aeno

199 2274 342 2315 Fervet
372 2280 412 2314 et
443 2275 591 2314 exultat
621 2277 851 2326 spumisque
884 2274 1128 2314 tumentibus
1159 2273 1284 2313 albet.

198 2332 282 2374 Illic
313 2332 526 2374 Haemonia
556 2333 709 2373 radices
740 2333 838 2373 valle
868 2339 1042 2373 resectas
