1554 2506
147 73 203 115 54
381 84 510 106 sunau:
694 69 907 104 METAMM
923 96 930 104 .

264 182 493 221 Formarat.
532 186 642 231 rogat
673 179 736 219 illa
767 178 897 218 Iovem
929 180 1012 219 sine
1045 180 1202 219 nomine
1233 192 1400 233 munus3

265 241 335 280 Cui
368 241 463 280 deus
497 236 610 290 ‘elige
629 236 655 292 ,³
689 240 741 277 ait
773 234 933 277 ‘nullam
964 239 1113 290 patiere
1145 238 1365 290 repulsam.

176 308 243 339 290
264 299 428 350 Quoque
461 299 581 349 magis
613 296 750 336 credas
768 328 780 349 ‚
813 296 935 348 Stygii
968 309 1125 348 quoque
1157 298 1312 336 conscia
1344 303 1460 337 sunto

264 358 429 396 Numina
462 357 648 395 torrentis
667 387 678 408 ,
709 357 827 394 timor
859 361 898 395 et
929 354 1026 395 deus
1057 355 1121 395 ille
1154 355 1318 396 deorum
1333 352 1357 395 .’

263 416 379 455 Laeta
410 414 510 453 malo
542 415 784 465 nimiumque
815 419 957 466 potens
988 415 1242 466 perituraque
1275 416 1438 454 amantis

264 473 460 524 Obsequio
495 472 647 511 Semele
681 470 849 524 ‘qualem
883 470 1080 512 Saturnia’
1112 473 1209 512 dixit

264 530 334 571 ‘Te
367 532 465 570 solet
497 531 708 584 amplecti,
734 530 896 570 Veneris
929 543 1019 571 cum
1050 531 1189 571 foedus
1220 533 1354 585 initis,

176 600 241 630 295
263 591 316 630 Da
348 590 444 629 mihi
474 595 512 629 te
544 590 661 629 talem
676 587 700 629 .'
739 590 861 629 voluit
892 590 989 629 deus
1021 602 1089 629 ora
1120 590 1317 642 loquentis

263 649 524 700 Opprimere:
557 651 704 688 exierat
735 650 810 688 iam
842 661 913 688 vox
944 654 1153 701 properata
1185 649 1258 689 sub
1290 661 1426 689 auras.

261 708 483 759 Ingemuit3
516 719 643 759 neque
676 708 778 746 enim
811 720 835 746 n
864 719 889 746 n
921 707 1017 746 haec
1049 713 1205 759 optasse
1224 740 1235 760 ,
1261 720 1390 760 neque
1421 706 1484 747 ille

261 766 346 805 Non
378 768 529 806 iurasse
561 771 721 818 potest.
760 719 1172 817 ergdyffiaestissimus
1204 766 1326 806 altum

262 824 429 864 Aethera
461 824 718 878 conscendit,
750 824 938 875 vultuque
972 826 1177 876 sequentia
1203 826 1321 864 traxit

174 892 242 923 300
261 882 400 922 Nubila
418 915 430 936 ,
462 884 550 934 quis
581 882 734 922 nimbos
765 883 1005 934 inmixtaque
1038 883 1192 934 fulgura
1223 885 1350 922 ventis

261 941 418 981 Addidit
449 947 489 981 et
519 943 689 981 tonitrus
722 947 761 981 et
791 941 1012 981 inevitabile
1044 941 1216 982 fulmen.

263 1001 347 1046 Qua
378 1006 507 1040 tamen
540 1012 666 1051 usque
698 1006 856 1053 potest,
887 1002 990 1039 vires
1022 1000 1096 1039 sibi
1117 1000 1274 1039 demere
1295 1006 1483 1053 temptat3

261 1059 371 1111 Nec,
404 1071 480 1110 quo
514 1060 778 1098 centimanum
811 1058 1008 1098 deiecerat
1038 1060 1127 1110 igne
1159 1058 1366 1111 Typhoea,

261 1117 375 1156 Nunc
406 1123 580 1156 armatur
613 1129 688 1156 eo:
720 1118 885 1155 nimium
917 1117 1084 1156 feritatis
1115 1118 1154 1156 in
1187 1117 1253 1156 illo
1286 1123 1367 1156 est.

174 1184 240 1216 305
262 1175 333 1215 Est
364 1175 467 1215 aliud
499 1175 622 1214 levius
655 1175 833 1228 fulmen,
865 1176 929 1214 cui
961 1175 1097 1214 dextra
1129 1175 1340 1227 Cyclopum

262 1234 450 1273 Saevitiae
477 1234 733 1285 flammaeque
766 1236 895 1273 minus·
921 1266 932 1286 ‚
963 1235 1093 1273 minus
1126 1234 1273 1273 addidit
1303 1236 1407 1285 irae3

260 1293 353 1332 Tela
384 1292 555 1332 secunda
586 1298 727 1332 vocant
757 1294 920 1344 superi.
960 1294 1063 1344 capit
1093 1292 1156 1332 illa
1175 1324 1186 1345 ,
1217 1292 1454 1344 domumque

261 1351 387 1390 Intrat
417 1352 688 1402 Agenoream.
727 1363 872 1403 corpus
903 1351 1066 1390 mortale
1098 1351 1291 1390 tumultus

260 1409 347 1449 Non
378 1409 468 1449 tulit
499 1409 693 1449 aetherios
711 1441 723 1462 ,
754 1409 946 1461 donisque
977 1410 1171 1461 iugalibus
1204 1411 1321 1449 arsit.

174 1477 241 1508 310
262 1469 508 1520 Inperfectus
539 1468 666 1507 adhuc
697 1468 824 1507 infans
856 1469 1066 1519 genetricis
1097 1468 1145 1507 ab
1177 1468 1260 1507 alvo

261 1526 438 1578 Eripitur
454 1559 466 1580 ‚
496 1528 702 1578 patrioque
723 1532 836 1566 tener
856 1547 911 1554 ——
932 1528 966 1566 si
985 1525 1147 1565 credere
1169 1527 1330 1577 dignum
1350 1533 1410 1566 est
1430 1549 1478 1554 —

263 1585 436 1624 insuitur
468 1586 607 1624 femori
639 1590 892 1636 maternaque
925 1591 1101 1637 tempora
1134 1585 1325 1637 complet.

261 1643 412 1683 Furtim
443 1643 552 1682 illum
576 1645 714 1695 primis
745 1643 814 1682 Ino
846 1649 1056 1682 matertera
1088 1645 1201 1683 cunis

260 1702 441 1741 Educat:
472 1702 561 1741 inde
594 1702 727 1741 datum
758 1702 949 1753 nymphae
981 1701 1170 1753 Nyseides
1203 1703 1326 1741 antris

173 1768 240 1799 315
262 1760 481 1800 Occuluere
508 1762 590 1800 suis
622 1760 811 1811 lactisque
844 1760 1026 1799 alimenta
1058 1760 1225 1800 dedere.

319 1818 498 1871 Dumque
530 1831 575 1858 ea
605 1831 676 1870 per
708 1824 834 1858 terras
866 1818 972 1858 fatali
1002 1818 1088 1870 lege
1120 1825 1337 1872 geruntur,

261 1877 439 1929 Tutaque
467 1877 526 1916 bis
558 1878 680 1928 geniti
712 1882 804 1916 sunt
833 1876 1265 1930 inclinabfflacchi‚

261 1935 377 1974 Forte
410 1935 539 1975 lovem
571 1941 818 1988 memorant,
850 1936 1036 1975 diffusum
1060 1941 1219 1975 nectare
1238 1967 1250 1988 ‚
1282 1947 1396 1974 curas

262 1993 493 2044 Seposuisse
526 2007 691 2047 graves,
724 2006 922 2045 vacuaque
953 1996 1120 2045 agitasse
1152 1995 1339 2033 remissos

173 2060 242 2090 320
263 2051 358 2090 Cum
392 2051 538 2090 Iunone
572 2054 679 2092 iocos
712 2058 752 2092 et
784 2050 923 2091 ‘maior
953 2058 1084 2092 vestra
1114 2053 1292 2104 profecto
1325 2058 1408 2102 est,

262 2109 386 2155 Quam
419 2121 516 2160 quae
550 2112 741 2162 contingit
771 2107 961 2150 maribus’
994 2110 1138 2150 dixisse
1171 2108 1364 2162 ‘voluptas
1378 2106 1403 2150 .'

261 2167 328 2206 Illa
360 2174 503 2219 negat.
540 2169 715 2222 placuit,
748 2182 846 2220 quae
874 2171 925 2208 sit
956 2171 1149 2209 sententia
1181 2169 1286 2208 docti

262 2226 460 2271 Quaerere
492 2226 695 2267 Tiresiae:
720 2227 851 2266 Venus
881 2227 975 2266 huic
1007 2233 1091 2266 erat
1122 2233 1289 2279 utraque
1315 2233 1429 2267 nota.

260 2284 356 2322 Nam
389 2284 465 2323 duo
498 2297 728 2336 magnorum
762 2285 875 2325 viridi
907 2287 1088 2325 coeuntia
1120 2285 1212 2325 silva
1354 2293 1384 2319 f·
1403 2301 1482 2319 xxx-
