1538 2496
122 85 145 124 2
153 86 177 124 5
185 83 212 126 2
368 97 521 121 canutus
683 84 899 120 METAMM
912 112 921 121 .

157 202 223 234 505
242 193 341 234 Esse
372 206 493 246 reor3
525 196 592 245 qui
624 200 755 233 tantus
789 199 901 246 erat,
932 193 1093 234 lunonis
1125 202 1169 235 ut
1200 196 1298 236 altae

246 253 364 304 Spem
395 258 580 304 caperet.
619 264 690 291 nos
723 254 922 292 semimari
954 265 1186 306 superamur
1218 254 1265 294 ab
1297 255 1431 296 hoste.

245 311 344 351 Saxa
376 310 586 362 trabesque
619 322 738 363 super
770 316 953 363 totosque
985 313 1169 353 involvite
1200 320 1378 354 montes.

245 369 502 421 vivacemque
534 370 701 409 animam
732 370 862 409 missis
894 369 1026 410 elidite
1059 371 1187 411 silvis!

246 428 346 467 Silva
376 433 531 480 pre-mat
561 428 724 482 fauces,
756 434 796 468 et
827 430 903 468 erit
932 441 1004 481 pro
1037 430 1198 470 vulnere
1229 431 1384 484 pondus
1399 428 1439 471 .’'

157 493 223 526 510
244 486 375 539 Dixit,
407 492 447 525 et
477 488 604 526 insani
635 486 827 527 deiectam
858 487 1008 528 viribus
1040 491 1164 528 austri

243 545 360 584 Forte
392 544 545 584 trabem
576 551 716 586 nactus
735 578 746 599 ,
778 546 948 587 validum
980 549 1149 587 coniecit
1178 549 1219 588 in
1250 548 1428 589 hostem:

242 602 553 655 Exemplumque
586 605 687 644 fuit.
726 617 925 657 parvoque
957 608 998 645 in
1029 612 1207 659 tempore
1239 607 1369 647 nudus

241 661 403 701 Arboris
436 661 581 714 Othrys
613 669 726 716 erat,
757 675 830 704 nec
861 663 1030 704 habebat
1060 665 1189 705 Pelios
1221 665 1404 706 umbras.

243 719 419 761 Obrutus
451 723 599 761 inmani
631 722 787 762 cumulo
806 754 818 775 ,
850 722 924 762 sub
954 723 1130 774 pondere
1163 724 1343 769 Caeneus

155 786 221 818 515
242 778 404 819 Aestuat
436 780 602 820 arboreo
635 787 900 832 congestaque
932 781 1076 821 robora
1107 782 1218 822 duris

242 837 336 877 Fert
360 840 509 878 umeris
529 870 538 879 .
577 839 645 878 sed
673 841 778 878 enim
802 846 1011 892 postquam
1036 853 1157 893 super
1182 853 1251 881 ora
1276 847 1470 894 caputque

243 896 375 937 Crevit
405 909 506 937 onus
524 929 535 951 ‚
567 910 695 950 neque
728 898 846 938 habet
862 931 875 952 ‚
907 911 1004 950 quas
1036 899 1183 953 ducat,
1213 902 1375 952 spiritus

1245 971 1383 1012 auras,
1414 980 1468 988 —

243 1012 401 1063 [Deficit
431 1015 660 1068 interdum3
692 1016 807 1055 modo
841 1029 881 1055 se
914 1028 1034 1068 super
1066 1020 1155 1056 aera
1187 1017 1334 1057 frustra

242 1071 396 1112 Tollere
430 1080 624 1127 conatur,
655 1076 856 1125 iactasque
889 1075 1068 1114 evolvere
1101 1075 1240 1127 silvas3

156 1137 221 1169 520
242 1130 524 1183 Interdumque
556 1138 715 1172 movet:
746 1133 897 1185 veluti,
929 1145 1046 1184 quam
1078 1135 1278 1172 cernimus
1298 1166 1308 1185 ‚
1340 1145 1432 1173 ecce

242 1189 373 1229 Ardua
405 1192 438 1229 si
469 1196 598 1230 terrae
631 1192 829 1242 quatiatur
860 1191 1033 1230 motibus
1059 1190 1169 1241 lde.]

242 1247 380 1287 Exitus
412 1249 453 1287 in
485 1248 603 1288 dubio
636 1255 697 1288 est
728 1270 783 1277 —
817 1249 881 1288 alii
913 1249 986 1289 suh
1018 1251 1147 1289 inania
1179 1262 1323 1302 corpus

244 1306 408 1345 Tartara
441 1306 649 1346 detrusum
681 1307 866 1346 silvarum
897 1307 1000 1347 mole
1032 1308 1234 1348 ferebant:

243 1364 390 1404 Abnuit
421 1365 654 1417 Ampycides
672 1398 683 1418 ,
715 1365 924 1418 medioque
957 1379 1005 1405 ex
1036 1379 1177 1418 aggere
1209 1367 1324 1406 fulvis

157 1431 222 1461 525
244 1422 350 1462 Vidit
380 1435 490 1463 avem
521 1426 661 1474 pennis
693 1423 859 1475 liquidas
893 1427 999 1464 exire
1032 1425 1106 1465 sub
1138 1438 1276 1478 aurae,
1321 1433 1467 1461 Lelxxv·

245 1481 352 1526 Quae
384 1481 481 1520 mihi
512 1487 608 1521 tunc
638 1484 809 1534 primuni
828 1515 839 1535 ‚
872 1489 966 1523 tunc
999 1490 1059 1523 est
1090 1490 1301 1536 conspecta

1217 1555 1467 1595 supremum.

243 1598 351 1638 Hanc
382 1598 438 1638 ibi
468 1599 702 1639 lustrantem
734 1600 810 1639 leni
844 1611 914 1640 sua
947 1607 1074 1640 castra
1104 1601 1235 1640 volatu

243 1657 402 1708 Mopsus
434 1663 474 1697 et
504 1659 655 1709 ingenti
687 1661 837 1698 circum
869 1658 1051 1710 clangore
1083 1666 1288 1700 sonantem

242 1716 432 1769 Aspexit,
463 1718 690 1768 pariterque
723 1719 863 1756 animis
896 1718 1100 1770 oculisque
1132 1725 1293 1759 secutus

159 1782 222 1813 330
243 1771 306 1813 “O
341 1774 444 1813 salve
463 1772 489 1827 ‚³
522 1775 619 1814 dixit
651 1773 875 1828 ‘Lapitheae
907 1776 1212 1839 glormgentis‚

242 1832 407 1872 Maxime
432 1836 491 1872 vir
517 1834 714 1885 quondam
731 1867 742 1887 ‚
769 1835 837 1874 sed
862 1847 969 1875 nuno
989 1837 1069 1875 avis
1088 1837 1204 1876 unica
1220 1868 1232 1888 ,
1258 1834 1468 1877 Caeneu!'’

244 1890 400 1931 Credita
431 1904 496 1931 res
529 1899 689 1932 auctore
722 1906 793 1932 suo
826 1900 887 1933 est
905 1926 914 1933 .
953 1894 1064 1933 dolor
1095 1894 1243 1934 addidit
1272 1896 1393 1948 iram,

243 1949 565 2003 oppressumque
598 1964 712 2003 aegre
745 1952 907 1992 tulimus
937 1958 997 1992 tot
1027 1952 1073 1992 ab
1105 1953 1285 1993 hostibus
1323 1966 1468 1995 unum:

243 2007 323 2046 Nec
355 2011 466 2060 prius
499 2009 721 2050 abstitimus
753 2012 858 2050 ferro
892 2023 1079 2051 exercere
1111 2012 1311 2066 dolorem,

157 2074 221 2104 535
244 2066 368 2111 Quam
400 2067 487 2106 data
518 2080 609 2120 pars
641 2069 718 2108 leto
737 2101 748 2122 ‚
779 2075 930 2122 partem
963 2070 1054 2121 fuga
1084 2083 1240 2122 noxque
1265 2073 1431 2111 removit
1443 2068 1467 2111 .’

300 2124 404 2163 Haec
435 2128 539 2165 inter
570 2126 754 2179 Lapithas
791 2134 832 2167 et
863 2128 1140 2168 semihomines
1172 2128 1390 2170 Centauros

241 2183 394 2221 Proelia
412 2215 423 2235 ‚
454 2184 703 2236 Tlepolemus
722 2218 734 2239 ‚
764 2187 872 2238 Pylio
905 2188 1103 2227 referente
1121 2220 1133 2241 ,
1164 2188 1340 2228 dolorem

243 2241 450 2281 Praeteriti
480 2242 636 2282 Aloidae
667 2247 787 2284 tacito
813 2258 893 2285 non
923 2246 1088 2298 pertulit
1117 2258 1210 2299 ore,

242 2303 369 2351 Atque
401 2301 482 2340 ait:
515 2298 746 2342 ‘Herculeae
778 2305 922 2344 mirum
954 2312 1014 2344 est
1045 2304 1185 2345 oblivia
1214 2305 1339 2345 laudis
