1527 2580
604 110 637 144 V
652 136 661 152 ,
687 112 873 144 577—6-20
891 136 898 144 .
1025 123 1204 146 Αειετιιυεᾼ
1338 112 1417 152 1,Οὸ

202 219 268 259 801
301 224 386 259 erat
416 231 436 257 a
468 227 608 269 tergo:
640 219 715 257 vidi
748 219 983 270 praecedere
1016 220 1167 270 longam

113 287 180 317 615
200 280 299 317 Ante
330 275 450 329 pedes
481 277 659 316 umbram
693 299 745 306 —-
779 280 854 317 nisi
885 280 919 316 si
951 279 1066 317 timor
1098 278 1159 317 illa
1193 279 1345 318 videbat
1368 301 1415 307 —-

202 336 279 376 Sed
311 343 420 376 certe
453 337 684 386 sonitusque
715 337 858 387 pedum
892 336 1064 376 terrebat
1082 368 1092 388 ,
1125 345 1165 375 et
1195 339 1331 388 ingens

201 393 375 434 Crinales
406 396 520 433 vittas
553 393 707 432 afflabat
737 395 930 434 anhelitus
962 397 1064 434 or-is.

201 452 318 492 Fessa
355 452 486 492 labore
525 454 639 504 fugae
677 449 800 491 ““fer
837 466 950 505 opem
974 485 985 505 ,
1023 452 1344 506 dep1·en‹limur,'

1245 515 1421 565 inquam,

203 567 442 622 ‘Armigerae
461 602 471 622 ,
504 570 693 621 Dictynna
712 602 723 622 ,
755 577 873 623 tuae,
905 573 968 610 cui
1000 583 1114 622 saepe
1147 571 1288 610 dedisti

114 636 181 668 620
201 629 322 668 Ferre
353 635 442 668 tuos
475 640 589 668 arcus
621 629 848 680 inclusaque
882 630 957 668 tela
987 629 1171 681 pharetra
1185 627 1257 668 .''''

202 687 306 727 Mota
338 687 410 727 dea
441 693 530 739 est,
562 689 779 739 spissisque
811 688 942 727 serens
974 701 996 726 e
1027 688 1198 727 nubibus
1231 700 1344 727 unam

199 745 261 785 Me
293 758 414 798 super
444 747 606 784 iniecit.
645 745 786 785 lustrat
816 746 979 797 caligine
1011 752 1182 798 tectum,

202 803 354 854 [Amnis
373 836 384 857 ,
416 810 456 843 et
485 806 645 856 ignarus
677 806 827 844 circum
859 816 950 844 cava
981 804 1112 844 nubila
1144 807 1296 855 quaerit
1310 803 1338 854 :]

200 862 345 914 Bisque
376 862 507 902 locum
525 894 536 914 ,
568 874 644 914 quo
671 875 732 902 me
766 863 836 902 dea
868 869 1047 915 texerat,
1078 865 1225 902 inscius
1258 862 1399 915 ambit,

114 930 180 960 525
203 921 252 960 Et
284 920 342 960 bis
374 918 476 959 «ecio
509 921 731 972 Arethusa,
763 923 800 960 io
832 921 1026 960 Arethusa
1045 918 1118 959 !’'''
1150 923 1322 960 vocavit.

202 979 303 1025 Quid
342 979 436 1018 mihi
475 985 568 1018 tunc
605 981 723 1018 animi
761 981 926 1018 miserae
965 980 1039 1019 fuit
1065 977 1087 1018 ?
1123 991 1223 1018 anne
1261 980 1365 1030 quod

1189 1050 1308 1089 agnae
1341 1044 1423 1090 est,

203 1097 322 1148 Siqua
353 1097 466 1148 lupos
498 1096 607 1136 audit
638 1098 787 1136 circum
820 1096 970 1136 stabula
1001 1096 1076 1135 alta
1108 1094 1353 1135 frementes?

201 1158 278 1194 Aut
308 1155 462 1207 lepori,
493 1157 560 1206 qui
592 1167 709 1206 vepre
740 1156 865 1194 latens
896 1155 1050 1194 hostilia
1076 1156 1203 1194 cernit

202 1213 279 1252 Ora
311 1225 450 1252 canum
468 1244 480 1266 ,
511 1213 718 1264 nullosque
750 1214 867 1252 audet
897 1214 988 1252 dare
1022 1225 1187 1264 corpore
1218 1210 1382 1252 motus?

114 1280 182 1312 630
201 1271 287 1311 Non
319 1277 448 1311 tamen
480 1271 683 1323 abscedit3
714 1284 842 1322 neque
875 1273 978 1310 enim
1010 1272 1170 1322 vestigia
1202 1272 1329 1310 cernit

202 1329 374 1381 Longius
406 1329 482 1368 ulla
514 1330 687 1381 pedum:
719 1336 848 1369 servat
879 1329 1102 1381 nubemque
1135 1330 1363 1380 locumque.

202 1388 379 1440 Occupat
409 1388 591 1427 obsessos
623 1388 744 1428 sudor
775 1388 869 1427 mihi
901 1388 1066 1439 frigidus
1098 1394 1230 1440 artus,

202 1446 491 1498 Caeruleaeque
524 1446 668 1486 cadunt
698 1452 780 1486 toto
813 1447 860 1485 de
893 1458 1058 1497 corpore
1090 1452 1246 1497 guttae:

202 1505 365 1557 Quaque
395 1505 537 1557 pedem
567 1507 699 1558 movi,
731 1511 861 1544 manat
891 1505 1027 1557 lacus,
1059 1517 1159 1556 eque
1191 1504 1339 1556 capillis

115 1572 181 1604 635
202 1564 281 1603 Ros
312 1563 445 1616 cadit;
475 1569 517 1603 et
547 1565 663 1603 citius
681 1595 693 1616 ,
725 1575 840 1614 quam
872 1576 977 1602 nunc
1002 1562 1074 1602 tibi
1105 1564 1205 1602 facta
1236 1575 1423 1614 renarro,

203 1623 246 1662 ln
277 1622 412 1662 latices
442 1628 574 1662 mutor
593 1653 603 1662 .
641 1622 709 1661 sed
736 1624 840 1665 enim
871 1623 1072 1672 cognoscit
1103 1627 1247 1659 amatas
1303 1630 1331 1655 f.
1350 1629 1421 1654 lxii.

203 1681 338 1720 Amnis
375 1692 523 1732 aquas,
554 1681 761 1732 positoque
800 1681 901 1732 viri,
933 1680 1035 1730 quod
1075 1686 1323 1730 sumpserat,
1355 1691 1421 1717 ore

204 1738 379 1779 Vertitur
408 1741 450 1778 in
481 1741 691 1792 proprias,
721 1744 766 1777 ut
797 1751 838 1777 se
871 1739 964 1777 mihi
996 1739 1186 1790 misceat,
1218 1737 1363 1776 undas.

202 1797 309 1837 Delia
340 1799 447 1849 rupit
476 1797 640 1836 humum
658 1828 670 1850 ‚
701 1799 906 1847 caecisque
938 1808 1009 1847 ego
1041 1807 1169 1834 mersa
1200 1797 1375 1834 cavernis

116 1864 185 1897 640
204 1856 383 1895 Advehor
415 1855 615 1908 Ortygiam
632 1887 644 1908 ,
676 1867 773 1907 quae
807 1867 868 1893 me
886 1886 898 1907 ,
930 1855 1160 1905 cognomine
1185 1854 1293 1893 divae

201 1914 321 1954 Grata
351 1925 461 1953 meae
479 1946 490 1966 ,
522 1926 685 1965 superas
717 1913 851 1952 eduxit
881 1914 1004 1964 prima
1037 1911 1110 1951 sub
1137 1924 1251 1950 auras
1265 1908 1322 1950 .'''

260 1972 342 2012 Hac
372 1972 566 2012 Arethusa
599 1978 713 2011 tenus
733 2002 742 2010 .
779 1973 954 2022 geminos
987 1971 1058 2009 dea
1089 1970 1227 2009 fertilis
1259 1981 1404 2021 angues

203 2030 394 2071 Curribus
427 2031 623 2082 admovit,
655 2031 855 2080 frenisque
887 2031 1062 2068 coercuit
1093 2041 1183 2081 ora,

202 2088 253 2128 Et
283 2089 454 2128 medIum
486 2088 583 2128 caeli
615 2096 822 2138 terraeque
853 2099 925 2139 per
956 2091 1045 2126 aera
1077 2093 1185 2126 vecta
1217 2092 1278 2125 est

115 2154 182 2187 645
202 2148 329 2199 Atque
360 2146 484 2186 levem
516 2159 678 2186 currum
709 2145 911 2184 Tritonida
943 2147 1048 2184 misit
1078 2146 1118 2184 in
1150 2145 1288 2184 urbem

201 2205 474 2257 Triptolemo:
504 2206 726 2256 partimque
757 2205 846 2243 rudi
878 2204 965 2243 data
996 2205 1143 2242 semina
1175 2205 1290 2242 iussit

205 2263 398 2315 Spargere
430 2263 550 2302 humo
568 2294 580 2314 ,
610 2264 753 2314 partim
784 2268 874 2314 post
899 2268 1075 2313 tempora
1093 2262 1207 2312 longa
1228 2261 1422 2301 recultae.

201 2321 285 2364 lam
314 2333 434 2374 super
465 2320 650 2375 Europen
683 2320 860 2360 sublimis
891 2326 932 2360 et
960 2321 1076 2360 Asida
1109 2326 1253 2360 terram
