1507 2580
120 523 698 581 METAMORPHOSEON
738 523 919 577 LIBER
953 521 1212 577 PRIMUS.

113 687 167 741 In
198 712 296 740 nova
328 701 405 739 sert
435 701 587 738 animus
620 704 786 738 mutatas
820 698 950 737 dicere
983 698 1126 736 formas

116 760 318 811 Corpora.
351 759 389 798 di
408 790 420 811 ‚
448 760 595 809 coeptis
617 779 671 785 —
693 769 782 796 nam
808 769 876 795 vos
905 758 1084 795 mutastis
1105 777 1159 783 -—
1188 763 1227 794 et
1252 755 1337 794 illac

115 818 318 870 Adspirate
351 818 447 856 meis
466 848 477 869 ‚
502 818 705 868 primaque
739 815 784 854 ab
818 817 966 866 origine
994 815 1128 853 mundi

117 876 173 916 Ad
206 888 291 915 mea
323 882 559 927 perpetuum
592 874 774 913 deducite
808 881 981 925 tempora
1015 885 1196 912 carmen.

77 944 97 975 5
118 936 218 974 Ante
251 946 357 973 mare
391 941 429 972 et
460 940 586 972 terras
619 939 658 972 et
690 932 792 984 quod
826 934 923 983 tegit
954 933 1082 970 omnia
1102 963 1112 983 ‚
1142 930 1292 970 caelum

117 993 226 1033 Unus
258 998 343 1032 erat
374 998 455 1031 toto
488 998 649 1031 naturae
682 991 812 1030 vultus
844 992 884 1029 in
917 989 1035 1042 orbe,

119 1052 245 1098 Quem
276 1051 411 1090 dixere
444 1050 599 1103 Chaos3
633 1049 742 1089 rudis
775 1048 1045 1100 indigestaque
1078 1048 1200 1087 moles

116 1110 198 1150 Nec
229 1111 440 1162 quicquam
472 1110 546 1148 nisi
577 1108 732 1160 pondus
763 1109 870 1147 iners
909 1114 1172 1158 congestaque
1206 1105 1340 1145 eodem

120 1169 206 1208 Non
238 1168 339 1208 bene
371 1170 593 1207 iunctarum
625 1167 820 1206 discordia
853 1167 1000 1205 semina
1032 1177 1189 1204 rerum.

55 1236 98 1268 ιο
118 1227 256 1267 Nullus
289 1226 415 1265 adhuc
446 1225 591 1265 mundo
625 1224 836 1277 praebebat
868 1225 1013 1263 lumina
1045 1223 1183 1275 Titan,

119 1286 199 1326 Nec
231 1297 328 1325 nova
361 1284 577 1324 crescendo
610 1283 816 1335 reparabat
848 1294 995 1321 cornua
1027 1282 1208 1331 Phoebe,

120 1345 201 1384 Nec
234 1344 474 1384 circumfuso
507 1342 703 1394 pendebat
733 1343 773 1381 in
806 1345 896 1380 aere
929 1341 1043 1380 tellus

121 1402 369 1443 Ponderibus
400 1402 538 1441 librata
571 1402 652 1440 suis
672 1433 683 1454 ,
710 1413 783 1440 nec
816 1399 997 1439 bracchia
1017 1399 1131 1450 longo

120 1462 293 1513 Margine
326 1467 522 1501 terrarum
537 1465 784 1512 'porrexerat
815 1458 1048 1510 Amphitrite
1064 1489 1072 1497 .

59 1529 100 1562 15
120 1521 249 1573 thue
282 1525 366 1560 erat
397 1525 438 1559 et
469 1518 584 1558 tellus
616 1518 695 1558 illic
727 1524 766 1557 et
796 1523 940 1569 pontus
973 1523 1012 1556 et
1044 1520 1133 1568 aer,

122 1580 187 1620 Sic
219 1584 302 1619 erat
333 1578 525 1618 instabilis
557 1577 673 1617 tellus
692 1608 703 1630 ,
729 1576 910 1616 innabilis
942 1575 1070 1627 unda,

121 1639 238 1678 Lucis
268 1649 388 1689 egens
414 1640 508 1676 aer.
540 1636 636 1675 nulli
668 1647 737 1675 sua
769 1636 892 1674 forma
924 1633 1126 1685 manebat,

122 1696 389 1747 Obstabatque
422 1695 505 1735 aliis
538 1695 640 1734 aliud
661 1726 672 1748 ,
699 1696 788 1746 quia
821 1705 987 1746 corpore
1018 1694 1058 1731 in
1091 1704 1169 1731 uno

121 1755 277 1807 Frigida
308 1754 534 1807 pugnabant
564 1754 698 1793 calidis
717 1785 728 1805 ‚
753 1754 928 1792 umentia
961 1753 1099 1803 sicciS‚

59 1823 104 1855 20
124 1814 251 1854 Mollia
283 1825 372 1853 cum
405 1813 544 1865 duris,
570 1813 655 1852 sine
686 1811 859 1863 pondere
879 1843 890 1864 ,
922 1809 1102 1849 habentia
1134 1808 1309 1861 pondus.

123 1872 230 1912 Hanc
263 1871 360 1911 deus
392 1878 432 1911 et
463 1871 600 1910 melior
632 1871 739 1910 litem
771 1876 910 1909 natura
943 1869 1123 1921 diremit3

125 1931 222 1971 Nam
255 1930 363 1970 caelo
396 1936 522 1969 terras
555 1935 594 1969 et
627 1930 742 1968 terris
775 1928 941 1967 abscidit
971 1927 1095 1967 undas

125 1989 174 2030 Et
205 1989 396 2041 liquidum
428 1991 555 2041 spisso
588 1989 757 2028 secrevit
789 1986 835 2026 ab
868 1990 957 2026 aere
990 1986 1163 2025 caelum.

125 2048 232 2094 Quae
263 2054 471 2100 postquam
504 2047 645 2086 evolvit
676 2058 871 2097 caecoque
905 2046 1048 2084 exemit
1079 2056 1244 2096 acervo,

61 2115 104 2147 25
125 2107 340 2146 Dissociata
371 2106 467 2146 locis
500 2105 685 2145 concordi
717 2117 811 2157 pace
844 2104 996 2156 ligavit.

125 2166 242 2218 Ignea
274 2166 436 2205 convexi
468 2166 525 2204 vis
557 2170 597 2203 et
628 2165 712 2203 sine
744 2162 918 2215 pondere
951 2162 1047 2202 caeli

124 2223 295 2264 Emicuit
325 2235 554 2274 summaque
587 2222 716 2261 locum
749 2221 822 2261 sibi
855 2222 947 2260 fecit
977 2223 1017 2260 in
1050 2233 1162 2260 arce.

125 2283 331 2322 Proximus
363 2288 423 2321 est
455 2286 520 2321 aer
551 2281 605 2320 illi
637 2281 792 2320 levitate
823 2280 1012 2332 locoque3

126 2341 290 2381 Densior
321 2341 381 2381 his
416 2340 558 2393 tellus,
591 2339 860 2391 elementaque
892 2338 1051 2390 grandia
1084 2338 1201 2376 traxit

77 2413 189 2441 ovm.
209 2414 249 2440 11.
1047 2408 1063 2438 1
