1554 2506
144 86 161 124 l
171 83 224 124 72
340 95 578 118 znrsmn‘rnon
686 81 898 116 METAMM
914 109 921 116 .

256 193 498 244 Quamquam
529 191 664 231 aberat
696 191 809 242 longe
828 222 839 244 ,
871 202 1106 242 quamquam
1138 191 1251 230 modo
1286 198 1443 231 venerat

1363 249 1454 290 illuc

256 310 343 350 Visa
375 316 504 350 tamen
536 309 708 348 sensisse
741 308 910 361 famem3
942 313 1129 359 retroque
1161 308 1350 348 dracones
1466 281 1476 304 '

256 369 344 420 Egit
373 370 414 407 in
445 367 698 406 Haemoniam
716 398 727 420 ‚
759 368 883 406 versis
915 366 1093 406 sublimis
1123 366 1307 406 habenis.

315 427 425 466 Dicta
455 425 594 465 Fames
626 425 781 465 Cereris
799 457 810 478 ,
843 427 1018 477 quamvis
1050 427 1246 465 contraria
1277 438 1431 478 semper

168 495 234 526 815
302 488 362 524 ius
395 490 456 524 est
487 486 626 537 operi,
657 486 836 537 peragit,
867 496 1016 536 perque
1049 488 1139 523 aera
1170 489 1285 524 vento

255 544 311 583 Ad
342 545 489 583 iussam
520 543 647 582 delata
678 543 836 582 domum
868 550 929 582 est
946 575 957 596 ,
989 548 1029 582 et
1058 543 1241 595 protinus
1272 544 1393 583 intrat

257 601 444 654 Sacrilegi
474 601 663 641 thalamos
682 634 693 655 ,
725 602 879 653 altoque
912 613 1053 654 sopore
1085 601 1257 641 solutum
1284 624 1339 630 ——

255 660 389 700 Noctis
420 666 506 700 erat
536 666 691 713 tempus
724 683 778 688 —
811 662 977 712 geminis
1008 660 1257 712 amplectitur
1288 660 1414 700 ulnis:

256 719 386 771 Seque
418 721 501 759 viro
533 721 728 772 inspirat,
760 719 971 771 faucesque
1004 725 1043 758 et
1074 725 1212 770 pectus
1243 725 1283 758 et
1314 731 1381 758 ora

167 787 235 818 820
254 778 371 818 Afflat
387 809 399 832 ,
430 783 471 818 et
500 779 541 817 in
571 779 704 818 vacuis
736 779 885 830 spargit
914 779 1060 817 ieiunia
1090 778 1222 817 venis.

257 836 506 887 [Functaque
537 837 720 876 mandato
753 837 966 876 fecundum
999 837 1147 877 deserit
1178 836 1339 889 orbem,

254 895 378 946 Inque
409 894 546 934 domos
577 896 715 947 inopes
733 926 745 948 ‚
777 893 937 934 adsueta
968 894 1183 933 revertitur
1214 899 1324 933 antra
1338 893 1365 944 .]

255 953 374 993 Lenis
406 953 533 993 adhuc
564 965 725 992 somnus
757 952 919 1004 placidis
950 951 1236 1004 Erysichthona
1266 954 1406 1004 pennis

255 1011 479 1052 Mulcebat:
510 1013 609 1063 petit
639 1012 703 1051 ille
736 1012 855 1063 dapes
887 1011 960 1051 sub
992 1012 1160 1063 imagine
1192 1012 1342 1063 somni,

168 1078 236 1111 825
258 1071 414 1122 Oraque
445 1082 543 1109 vana
574 1076 703 1110 movet
734 1070 971 1121 dentemque
1003 1071 1045 1109 in
1076 1070 1193 1109 dente
1225 1070 1382 1122 fatigat,

256 1129 506 1180 Exercetque
539 1129 626 1168 cibo
658 1128 840 1168 delusum
872 1134 1008 1180 guttur
1039 1129 1166 1181 inani,

257 1188 414 1239 Proque
446 1187 572 1239 epulis
598 1193 741 1227 tenues
772 1189 1011 1239 nequiquam
1043 1187 1205 1226 devorat
1229 1198 1366 1226 auras.

258 1246 309 1286 Ut
339 1258 432 1286 vero
465 1252 526 1285 est
556 1246 718 1298 expulsa
749 1247 863 1298 quies
881 1277 892 1298 ‚
924 1246 1021 1285 furit
1051 1245 1169 1285 ardor
1201 1245 1365 1298 edendi,

256 1305 413 1357 Perque
445 1305 574 1344 avidas
606 1305 739 1344 fauces
770 1306 1028 1356 inmensaque
1059 1306 1210 1343 viscere
1241 1310 1401 1355 regnat.

170 1372 239 1404 830
257 1363 339 1403 Nec
358 1375 491 1403 mora:
517 1363 621 1415 quod
641 1369 811 1417 pontus,
837 1363 942 1415 quod
960 1368 1091 1415 terra,
1111 1363 1215 1415 quod
1234 1363 1375 1402 educat
1394 1366 1460 1402 aer
1472 1394 1485 1416 ,

257 1423 420 1475 Poscit3
451 1427 492 1462 et
522 1423 710 1474 appositis
743 1424 923 1473 queritur
955 1422 1102 1461 ieiunia
1132 1423 1302 1474 mensis,

259 1481 380 1532 Inque
413 1480 539 1532 epulis
571 1480 706 1533 epulas
739 1482 921 1532 quaerit:
953 1480 1137 1532 quodque
1176 1479 1342 1520 urbibus
1374 1492 1482 1534 esse,

259 1539 451 1591 Quodque
483 1541 577 1579 satis
608 1538 754 1591 populo
785 1544 969 1591 poterat,
1000 1551 1080 1577 non
1111 1539 1258 1578 sufficit
1289 1541 1381 1578 uni:

260 1598 433 1650 Plusque
466 1600 575 1650 cupit
592 1629 603 1651 ,
636 1610 713 1649 quo
745 1597 858 1650 plura
890 1609 1000 1637 suam
1032 1597 1202 1637 demittit
1232 1599 1273 1637 in
1305 1597 1454 1638 alvum.

171 1665 238 1697 835
258 1657 387 1709 thue
420 1657 565 1696 fretum
595 1658 739 1708 recipit
769 1656 817 1695 de
850 1662 931 1696 tota
962 1656 1123 1696 flumina
1153 1662 1284 1710 terra,

258 1716 339 1755 Nec
372 1717 535 1755 satiatur
567 1716 678 1766 aquis
697 1747 708 1768 ‚
739 1716 1051 1767 peregrinosque
1084 1714 1208 1755 ebibit
1238 1727 1394 1768 amneS,

259 1774 389 1826 thue
421 1786 539 1826 rapax
570 1775 671 1825 ignis
703 1785 782 1813 non
814 1786 1000 1825 umquam
1032 1774 1215 1813 alimenta
1245 1780 1426 1826 recusat,

260 1833 569 1884 Innumerasque
604 1832 734 1872 trabes
766 1838 943 1885 cremat,
974 1837 1015 1872 et
1045 1844 1122 1884 quo
1155 1834 1267 1885 copia
1297 1834 1421 1872 maior

259 1891 331 1930 Est
362 1891 449 1930 data
468 1923 479 1944 ‚
509 1891 622 1943 plura
653 1892 781 1944 petit,
812 1891 1006 1942 turbaque
1034 1892 1217 1932 vesanior
1247 1893 1331 1943 ipsa
1363 1897 1447 1931 est:

173 1957 240 1989 840
262 1949 325 1988 Sic
358 1949 492 2002 epulas
524 1962 660 1989 omnes
691 1949 988 2001 Erysichthonis
1020 1961 1089 1988 ora
1119 1950 1274 2002 profani

260 2008 497 2061 Accipiunt,
528 2014 776 2060 poscuntque
808 2008 952 2047 simul.
991 2007 1103 2048 cibus
1135 2010 1263 2048 omnis
1287 2010 1328 2048 in
1360 2008 1425 2048 illo

261 2066 385 2105 Causa
417 2066 494 2106 cibi
526 2072 615 2120 est,
647 2079 881 2119 semperque
907 2067 1016 2106 locus
1049 2067 1093 2106 fit
1122 2068 1249 2106 inanis
1281 2067 1455 2107 edendo.

263 2124 420 2176 lamque
452 2126 552 2164 fame
583 2127 730 2177 patrias
761 2125 915 2177 altaque
946 2127 1131 2177 voragine
1162 2126 1310 2166 ventris

261 2184 492 2222 Attenuarat
523 2196 648 2235 opes:
680 2184 749 2224 sed
780 2186 1022 2224 inattenuata
1052 2183 1234 2225 manebat

174 2250 241 2281 845
262 2241 363 2281 Tum
395 2253 551 2293 quoque
583 2242 668 2281 dira
699 2243 820 2282 fames
838 2275 850 2296 ‚
881 2243 1173 2295 inplacataeque
1204 2242 1358 2294 vigebat

263 2300 434 2339 Flamma
470 2299 582 2352 gulae
603 2332 612 2340 .
650 2301 807 2340 tandem
825 2332 837 2354 ,
868 2301 1037 2341 demisso
1075 2303 1114 2341 in
1152 2302 1303 2341 viscera
1340 2313 1484 2352 censu,
