1527 2580
529 117 595 153 VII
616 145 625 163 ,
651 116 851 154 854—V111
868 145 876 162 ‚
903 122 946 153 56
961 145 968 152 .
1089 131 1214 154 scum
1340 121 1414 160 151

135 236 180 267 20
202 227 387 278 Spectare
420 239 467 265 ex
498 227 560 265 illa
594 227 707 278 rigidi
739 229 950 266 certamina
982 227 1138 267 Martis.

202 285 358 336 lamque
392 298 497 324 mora
532 285 620 324 belli
653 299 862 336 procerum
903 299 1058 337 quoque
1097 288 1252 325 nomina
1285 294 1417 340 norat,

200 346 394 394 Armaque
415 356 615 395 equosque
637 344 867 395 habitusque
890 344 1168 396 Cydoneasque
1195 346 1417 397 pharetras.

201 403 371 441 Noverat
401 409 489 441 aute
523 403 617 441 alios
650 404 786 441 faciem
820 403 929 442 ducis
962 403 1162 456 Europei,

201 461 293 499 Plus
325 463 470 512 etiam,
503 473 618 512 quam
653 474 766 499 nosse
800 468 858 500 sat
890 468 976 500 est.
1015 462 1086 501 hac
1118 462 1246 502 iudice
1274 463 1419 515 Minos,

137 528 180 558 25
203 520 279 559 Seu
313 527 431 570 caput
462 519 662 558 abdiderat
694 522 851 558 cristata
885 520 1032 559 casside
1065 523 1226 574 pennis,

203 579 243 617 ln
277 579 382 627 galea
418 579 611 616 formosus
643 585 755 630 erat3
788 591 857 617 seu
891 586 1111 630 sumpserat
1142 592 1237 618 auro

203 637 431 686 Fulgentem
466 637 662 689 clipeum,
695 637 862 688 clipeum
896 640 1108 688 sumpsisse
1141 638 1324 678 decebat.

202 695 389 733 Torserat
421 689 598 734 adductis
630 695 781 734 hastilia
814 696 917 734 lenta
949 696 1128 736 lacertis:

203 753 399 792 Laudabat
432 756 537 804 virgo
571 756 742 793 iunctam
774 767 863 793 cum
896 754 1042 793 viribus
1074 761 1219 794 artem.

136 820 181 851 30
203 812 375 863 luposito
408 812 553 850 calamo
587 813 738 864 patulos
772 815 993 852 sinuaverat
1024 826 1162 853 arcus:

203 871 267 910 Sic
301 870 500 909 Phoebum
534 874 699 922 sumptis
732 872 884 910 iurabat
916 879 1018 911 stare
1051 874 1224 923 sagittis.

201 929 297 968 Cum
331 942 421 967 vero
455 931 591 967 faciem
624 929 781 981 dempto
814 930 1025 969 nudaverat
1056 943 1167 983 aere,

200 987 509 1038 Purpureusque
543 987 618 1026 albi
651 990 783 1026 stratis
816 990 980 1039 insignia
1012 990 1127 1040 pictis

200 1046 325 1097 Terga
359 1046 560 1097 premebat
591 1048 681 1097 equi
714 1048 1012 1098 spumantiaque
1045 1058 1111 1085 ora
1143 1046 1326 1099 regebat,

134 1113 179 1144 35
200 1104 268 1143 Vix
302 1118 370 1143 sua
390 1136 400 1156 ,
434 1106 492 1143 vix
525 1117 640 1144 sanae
673 1107 779 1155 virgo
812 1105 941 1143 Niseia
973 1117 1132 1156 compos

200 1163 340 1202 Mentis
373 1170 485 1202 erat:
518 1164 607 1201 felix
640 1163 808 1202 iaculum
828 1195 838 1215 ,
870 1164 973 1214 quod
1008 1169 1185 1215 tangeret
1216 1164 1303 1216 ille,

201 1221 387 1272 Quaeque
421 1234 535 1260 manu
568 1228 794 1274 premeret,
828 1222 953 1260 felicia
985 1223 1094 1261 srena
1126 1222 1306 1261 vocabat.

201 1280 374 1331 Impetus
406 1288 466 1318 est
499 1280 580 1332 illi,
612 1280 726 1318 liceat
758 1280 871 1318 modo
890 1312 901 1333 ‚
934 1281 1037 1319 serre
1064 1292 1135 1332 per
1166 1293 1303 1332 agmen

199 1337 402 1389 virgineos
435 1338 574 1377 hostile
607 1339 779 1391 gradus3
812 1345 872 1377 est
903 1341 1071 1390 impetus
1103 1339 1157 1378 illi

136 1405 180 1436 40
200 1397 393 1435 Turribus
426 1410 446 1436 e
479 1398 642 1436 summis
674 1399 712 1436 in
745 1397 887 1436 Gnosia
920 1399 1076 1436 mittere
1107 1409 1251 1449 corpus

201 1455 335 1494 Castra
355 1487 365 1506 ,
398 1455 456 1494 vel
489 1463 640 1494 aeratas
672 1455 776 1494 hosti
806 1456 1011 1495 recludere
1043 1462 1199 1508 portas,

199 1513 267 1552 Vel
299 1514 426 1564 siquid
460 1514 584 1552 Minos
616 1513 718 1552 aliud
752 1514 875 1553 velit.
915 1521 1036 1565 utque
1069 1513 1228 1553 sedebat

201 1571 370 1611 Candida
404 1572 549 1611 Dictaei
582 1579 763 1624 spectans
796 1575 963 1612 tentoria
996 1574 1122 1626 regis,

203 1629 358 1669 ‘Laeter
377 1628 402 1683 ,'
436 1633 489 1669 ait
521 1629 736 1669 ‘doleamne
769 1634 853 1682 geri
884 1631 1119 1670 lacrimabile
1151 1630 1321 1683 bellum,

137 1689 242 1729 45111
277 1690 394 1728 dubio
428 1696 516 1728 est:
548 1689 690 1742 doleo,
723 1690 825 1740 quod
852 1690 976 1728 Minos
1008 1689 1131 1728 bostis
1163 1691 1306 1728 amanti
1340 1695 1419 1728 est:

202 1747 277 1786 Sed
314 1750 385 1786 11151
419 1748 515 1786 bella
550 1749 706 1799 forent,
740 1748 929 1799 numquid
963 1747 1057 1786 mihi
1083 1749 1263 1798 cognitus
1283 1745 1420 1787 esset?

202 1807 260 1845 Me
296 1814 422 1845 tamen
455 1813 612 1857 accepta
645 1812 799 1857 poterat
830 1807 1025 1857 deponere
1058 1805 1203 1844 bellum

201 1864 375 1917 Obside3
408 1877 467 1903 me
501 1867 712 1916 comitem,
745 1877 805 1903 me
838 1866 943 1916 pacis
976 1865 1115 1915 pignus
1147 1863 1332 1903 haberet.

203 1923 243 1962 Si
277 1936 375 1974 quae
409 1931 445 1962 te
478 1926 642 1975 genuit,
675 1924 789 1974 talis,
821 1923 1084 1974 pulcherrime
1117 1934 1274 1975 rerum,

136 1991 180 2022 50
202 1981 335 2028 Qualis
368 1995 410 2021 es
443 1985 524 2033 ipse
545 2014 556 2035 ,
588 1983 690 2034 suit,
723 1983 862 2020 merito
895 1981 991 2020 deus
1024 1982 1119 2019 arsit
1150 1982 1190 2019 in
1221 1980 1307 2019 illa.

203 2040 234 2079 Ο
267 2053 338 2091 ego
373 2047 431 2080 ter
465 2041 585 2092 felix,
616 2042 649 2079 si
681 2042 820 2092 pennis
853 2040 956 2090 lapsa
988 2051 1058 2091 per
1089 2050 1203 2078 auras

202 2098 382 2137 Gnosiaci
415 2111 570 2150 possem
603 2101 741 2137 castris
773 2100 956 2137 insistere
989 2100 1116 2150 regis,

201 2157 395 2208 Fassaque
430 2170 489 2196 me
517 2159 766 2208 flammasque
799 2169 932 2209 meas,
965 2168 1039 2208 qua
1072 2157 1191 2208 dote,
1223 2167 1420 2208 rogarem,

201 2215 324 2254 Vellet
355 2219 460 2256 emi:
493 2223 643 2255 tantum
676 2217 820 2267 patrias
853 2228 900 2254 ne
933 2221 1114 2266 posceret
1146 2226 1278 2254 arces.

135 2283 180 2314 55
200 2275 296 2314 Nam
330 2282 492 2326 pereant
523 2277 653 2326 potius
685 2280 838 2326 sperata
871 2273 1041 2326 cubilia,
1074 2285 1189 2324 quam
1222 2274 1296 2312 sim

200 2333 425 2373 Proditione
457 2341 597 2386 potens
616 2364 625 2373 .
664 2335 838 2385 quamvis
871 2345 985 2385 saepe
1018 2332 1113 2372 utile
1144 2333 1247 2370 vinci
