1538 2496
107 122 193 164 286
295 135 560 157 ActuAkzalExiDEs
661 119 873 155 METAMM
888 146 898 155 .

227 232 267 271 Si
300 244 384 271 mea
417 232 616 282 virginitas
649 229 807 269 Phoebo
839 231 1032 281 patuisset
1064 231 1229 270 amanti.

226 291 326 330 Dum
358 298 485 329 tamen
517 289 617 328 hanc
649 295 810 340 sperat,
842 288 935 328 dum
960 300 1309 341 praecorrumpere
1336 288 1450 330 donis

142 357 205 389 135
226 349 286 388 Me
319 350 426 400 cupit
444 380 455 400 ‚
488 345 601 399 ‘elige
620 344 648 399 ‚⁹
681 348 734 387 ait
767 344 889 399 ‘virgo
923 347 1119 401 Cumaea,
1152 347 1245 399 quid
1277 353 1414 400 optes:

227 408 378 459 Optatis
408 408 560 458 potiere
592 407 672 446 tuis
691 403 716 445 .’
755 417 826 458 ego
857 405 1030 458 pulveris
1062 406 1192 446 hausti

227 465 448 505 Ostendens
481 465 681 505 cumulum
701 496 712 518 ‚
744 472 840 516 quot
870 464 1034 504 haberet
1065 477 1231 517 corpora
1261 464 1413 519 pulvis,

226 525 300 563 Tot
331 524 426 563 mihi
457 524 605 563 natales
638 525 866 575 contingere
897 535 994 563 vana
1024 525 1180 577 rogavi3

226 583 406 635 Excidit,
439 589 482 622 ut
512 588 691 635 peterem
721 584 882 622 iuvenes
916 595 1073 634 quoque
1099 584 1279 635 protinus
1305 595 1452 623 annos.

140 650 205 682 140
225 642 304 681 llos
339 648 469 682 tamen
501 641 565 681 ille
598 641 693 681 mihi
724 641 839 681 dabat
871 648 1150 693 aeternamque
1183 643 1404 695 iuventam,
1524 643 1538 694 ’Ξ

227 701 269 740 Si
299 700 491 740 Venerem
522 706 708 752 paterer.
748 706 973 751 contempto
1005 713 1169 740 munere
1200 700 1349 740 Phoebi

225 759 376 799 Innuba
408 771 620 811 permaneo
641 790 650 799 .
690 759 758 799 sed
790 761 866 798 iam
898 759 1049 798 felicior
1081 765 1186 799 aetas

225 819 351 870 Terga
383 818 518 871 dedit,
549 818 798 869 tremuloque
825 817 947 869 gradu
973 819 1079 857 venit
1104 830 1218 869 aegra
1245 824 1452 868 senectus,

226 877 333 923 Quae
360 878 542 929 patienda
567 877 634 917 diu
661 883 748 917 est.
781 889 872 916 nam
897 878 972 916 iam
998 876 1093 916 mihi
1119 876 1274 917 saecula
1299 883 1449 929 septem

139 943 204 975 145
225 936 319 975 Acta
350 936 488 976 vides:
521 941 733 989 superest,
765 947 952 975 numeros
983 942 1027 975 ut
1056 935 1232 987 pulveris
1264 947 1451 988 aequem,

225 995 303 1034 Ter
336 1001 494 1035 centum
525 1007 674 1034 messes
693 1026 704 1047 ,
736 1000 797 1034 ter
829 1000 988 1034 centum
1019 1000 1149 1034 musta
1180 994 1336 1034 videre.

225 1054 398 1106 Tempus
431 1055 535 1106 erit,
567 1066 659 1093 cuin
689 1053 737 1093 de
769 1058 879 1092 tanto
911 1065 973 1092 me
1006 1065 1172 1105 corpore
1203 1065 1363 1105 parvam

1523 922 1538 1021 „af-n„
1528 699 1538 903 ..nh-..auhxnn

224 1112 356 1164 Longa
389 1112 472 1151 (lies
504 1113 621 1152 faciet
639 1143 650 1165 ,
683 1118 993 1163 consumptaque
1026 1111 1201 1151 membra
1233 1118 1390 1152 senecta

225 1171 282 1210 Ad
314 1173 519 1210 minimum
551 1171 782 1222 redigentur
814 1183 942 1210 onus.
981 1182 1054 1209 nee
1086 1175 1211 1210 amata
1241 1170 1406 1210 videbor

139 1236 205 1270 150
227 1229 307 1269 Nec
339 1230 533 1281 placuisse
566 1229 639 1268 deo
660 1261 669 1270 .
706 1229 889 1268 Phoebus
923 1241 1078 1280 quoque
1110 1230 1275 1269 forsitan
1306 1231 1390 1282 ipse

224 1288 292 1328 Vel
324 1301 402 1328 non
436 1293 676 1342 cognosce-t,
708 1287 769 1327 vel
802 1287 983 1327 dilexisse
1016 1287 1196 1340 negabit3

224 1347 356 1399 Usque
389 1347 484 1387 adeo
511 1352 659 1387 mutata
683 1347 817 1387 ferar:
849 1347 1024 1398 nullique
1050 1346 1238 1400 videnda,
1262 1354 1450 1383 f-‹slxxxix›

224 1405 326 1445 Voce
359 1412 489 1445 tamen
521 1418 662 1445 noscar
679 1438 691 1458 ,
723 1417 859 1445 vocem
891 1406 987 1445 mihi
1018 1406 1094 1445 fata
1124 1405 1351 1457 relinquent
1364 1402 1389 1446 .'

282 1464 388 1504 Talia
421 1477 637 1504 convexum
667 1476 739 1516 per
770 1466 847 1503 iter
878 1470 1119 1504 memorante
1152 1464 1295 1516 Sibylla

138 1531 203 1563 155
226 1522 394 1563 Sedibus
426 1523 640 1562 Euboicam
673 1522 817 1574 Stygiis
850 1524 1016 1575 emergit
1045 1525 1086 1562 in
1118 1522 1259 1563 urbem

223 1582 366 1622 Troius
398 1582 576 1621 Aeneas.
617 1583 818 1633 sacrisque
851 1593 898 1621 ex
929 1594 1039 1621 more
1069 1581 1189 1621 litatis

223 1640 355 1680 Litora
387 1641 466 1680 adit
498 1641 672 1680 nondum
702 1641 870 1680 nutricis
902 1640 1085 1680 habentia
1116 1652 1283 1680 nomen.

223 1699 295 1739 Hic
323 1712 480 1750 quoque
513 1699 745 1740 substiterat
774 1705 865 1751 post
894 1699 1020 1738 taedia
1051 1699 1166 1750 longa
1197 1699 1379 1740 laborum

224 1759 398 1798 Neritius
430 1758 631 1797 Macareus
650 1790 661 1810 ,
694 1770 825 1797 comes
857 1759 1097 1810 experientis
1129 1757 1275 1798 Ulixei.

138 1825 203 1858 160
225 1817 432 1857 Desertum
466 1817 661 1868 quondam
693 1817 832 1856 mediis
851 1849 862 1869 ‚
893 1829 942 1856 en
961 1848 973 1870 ,
993 1816 1169 1869 rupibus
1201 1817 1347 1857 Aetnae

223 1876 358 1916 Noscit
389 1875 702 1915 Achaemeniden
721 1908 732 1929 ,
764 1877 1043 1927 inprovisoque
1074 1880 1278 1927 repertum

223 1934 360 1974 Vivere
393 1936 555 1974 miratus
574 1966 585 1988 ‚
618 1932 702 1986 ‘qui
734 1941 770 1974 te
803 1946 966 1974 casusve
998 1934 1142 1974 deusve

225 1992 391 2046 Servat,
422 1993 707 2033 Achaemenide
727 1991 748 2032 ?
785 1990 870 2033 cur'
909 1994 1039 2044 inquit
1076 1990 1255 2032 ‘barbara
1287 1993 1449 2033 Graium

224 2051 345 2090 Prora
380 2051 514 2093 vehit?
535 2054 684 2104 petitur
716 2057 845 2091 vestra
877 2064 975 2103 quae
1008 2058 1115 2091 terra
1147 2053 1279 2092 carina
1292 2049 1330 2091 ‘⁴²'

138 2118 203 2150 165
224 2110 329 2149 Talia
363 2113 596 2163 quaerenti,
628 2113 705 2150 iam
736 2123 814 2150 non
845 2110 1023 2151 hirsutus
1055 2112 1223 2162 amictu,

224 2169 304 2208 Iam
336 2181 431 2208 suus
449 2201 461 2222 ⁷
493 2175 532 2209 et
563 2171 686 2221 spinis
719 2175 902 2209 conserto
934 2171 1105 2221 tegmine
1137 2169 1278 2221 nullis,

223 2227 343 2267 Fatur
374 2227 710 2269 Achaemenides:
743 2226 903 2268 ‘iterum
934 2228 1199 2281 Polyphemon
1232 2234 1271 2267 et
1302 2227 1391 2267 illos

223 2287 418 2338 Aspiciam
449 2286 589 2325 fluidos
623 2287 792 2327 humano
825 2289 1014 2338 sanguine
1047 2289 1194 2340 rictus,
1275 2337 1280 2341 ι

224 2344 304 2384 Hac
336 2345 430 2384 mihi
462 2346 495 2384 si
526 2347 656 2397 potior
688 2347 826 2386 domus
860 2352 920 2386 est
953 2346 1161 2398 Ithaceque
1193 2346 1349 2398 carina,
