1538 2496
136 100 219 142 258
411 112 494 135 AxAx
686 98 900 134 METAMM
915 126 923 134 .

253 210 295 250 ln
329 210 476 250 Danaas
509 209 681 248 classes.
720 207 788 247 ubi
819 220 925 247 nunc
957 208 1148 248 facundus
1181 207 1346 249 Ulixes?

253 268 400 320 Nempe
433 280 503 319 ego
536 266 639 307 mille
671 278 758 306 meo
790 268 944 318 protexi
974 273 1134 319 pectore
1165 280 1342 322 puppes,

254 327 372 379 Spem
404 328 524 365 vestri
555 327 734 365 reditus.
773 325 860 365 date
895 330 951 364 tot
981 338 1052 377 pro
1085 325 1248 366 navibus
1280 338 1410 367 arma.

190 393 232 425 95
254 385 365 432 Quod
399 387 431 423 si
463 396 553 423 vera
585 384 676 424 licet
707 384 802 423 mihi
834 383 965 424 dicere
983 415 995 436 ‚
1027 385 1230 435 quaeritur
1261 386 1371 438 istis,

254 443 377 489 Quam
409 443 534 496 mihi,
566 444 690 482 maior
720 442 846 482 honos
865 473 876 495 ‚
908 444 1194 494 coniunctaque
1226 442 1348 495 gloria

1228 507 1363 542 nostra
1394 509 1477 555 est,

252 561 378 611 Atque
410 560 503 600 Aiax
536 562 653 599 armis
672 591 683 613 ‚
715 572 794 599 non
825 560 931 600 Aiaci
964 572 1069 599 arma
1099 565 1311 611 petuntur.

254 618 438 658 Conferat
458 618 528 658 -his
561 619 716 658 Ithacus
748 618 923 658 Rhesum
954 618 1216 670 inbellemque
1248 618 1395 659 Dolona

252 677 552 729 Priamidenque
585 677 777 716 Helenum
809 684 918 729 rapta
951 689 1040 716 cum
1071 677 1226 717 Pallade
1258 683 1438 730 captum.

167 743 232 776 100
252 735 357 775 Luce
389 736 485 775 nihil
517 742 699 788 gestum,
726 735 821 774 nihil
853 741 914 774 est
944 735 1130 775 Diomede
1162 741 1335 775 remoto.

254 794 295 833 Si
327 794 447 834 semel
479 796 553 834 ista
585 795 685 833 datis
716 794 868 833 meritis
900 799 979 833 tam
1010 793 1150 833 vilibus
1182 806 1313 847 arma,

252 852 418 893 Dividite
438 884 449 905 ‚
483 858 522 892 et
553 864 644 905 pars
676 854 726 892 sit
758 854 881 891 maior
913 852 1110 892 Diomedis
1141 853 1182 892 in
1213 852 1312 892 illis.

253 910 338 957 Quo
370 917 500 951 tamen
531 911 627 951 haec
659 911 791 951 Ithaco
811 908 832 950 ⁴?
865 912 931 962 qui
964 910 1062 950 clam
1080 942 1091 964 ,
1124 912 1191 963 qui
1223 923 1378 963 semper

1316 972 1481 1011 inermis

253 1028 350 1068 Rem
381 1031 482 1080 gerit
513 1035 554 1069 et
584 1029 700 1069 furtis
732 1030 933 1068 incautum
966 1028 1112 1080 decipit
1143 1025 1332 1068 hostem?

168 1094 231 1126 105
252 1086 340 1139 Ipse
372 1089 476 1127 nitor
508 1087 638 1139 galeae
671 1087 773 1127 claro
806 1087 992 1126 radiantis
1025 1087 1071 1125 ab
1104 1099 1199 1126 auro

253 1145 417 1185 Insidias
448 1146 590 1198 prodet
620 1145 963 1197 manifestabitque
995 1145 1204 1185 latentem.

254 1203 331 1243 Sed
363 1217 491 1256 neque
523 1204 726 1244 Dulichius
759 1204 832 1243 sub
863 1203 1023 1243 Achillis
1056 1203 1206 1244 casside
1237 1211 1372 1243 vertex

252 1261 431 1302 Pondera
462 1269 569 1302 tanta
601 1263 701 1302 feret
718 1294 729 1315 ‚
761 1275 834 1302 nec
865 1274 944 1302 non
976 1274 1142 1302 onerosa
1173 1264 1379 1314 gravisque

167 1328 231 1360 109
252 1320 378 1360 Pelias
410 1321 519 1361 hasta
550 1326 680 1373 potest
711 1320 919 1360 inbellibus
953 1333 1038 1360 esse
1069 1321 1249 1375 lacertis,

184 1400 238 1406 -
258 1379 339 1418 Nec
371 1380 520 1431 clipeus
551 1382 649 1419 vasti
681 1386 889 1419 concretus
921 1381 1088 1431 imagine
1119 1379 1256 1419 mundi

255 1437 469 1477 Conveniet
500 1439 655 1477 timidae
689 1444 880 1489 nataeque
914 1439 961 1477 ad
994 1439 1097 1477 furta
1129 1439 1335 1477 sinistrae.

254 1495 554 1536 Debilitaturum
586 1497 679 1548 quid
711 1502 749 1536 te
781 1499 910 1549 petis,
943 1496 1120 1548 improbe
1139 1528 1150 1549 ,
1182 1493 1361 1536 munus?

255 1555 366 1600 Quod
399 1555 469 1594 tihi
501 1557 533 1594 si
564 1554 699 1607 populi
732 1555 933 1594 donaverit
964 1567 1076 1594 error
1102 1554 1260 1608 Achivi,

254 1613 332 1652 Cur
365 1614 544 1665 spolieris
566 1645 577 1667 ,
609 1616 712 1666 erit,
744 1626 823 1652 non
856 1625 927 1652 cur
959 1615 1147 1652 metuaris
1179 1612 1226 1652 ab
1258 1612 1396 1665 hoste3

168 1679 232 1710 115
253 1671 303 1711 Et
334 1672 423 1724 fuga
442 1704 453 1725 ,
485 1685 560 1724 qua
592 1672 672 1711 sola
704 1678 867 1711 cunctos
886 1703 897 1724 ‚
929 1671 1175 1711 timidissime
1194 1702 1205 1724 ,
1236 1673 1383 1724 vineis,

253 1730 380 1770 Tarda
412 1732 543 1770 futura
575 1730 646 1770 tibi
677 1736 737 1770 est
768 1732 981 1782 gestamina
1012 1735 1118 1769 tanta
1149 1729 1342 1769 trahenti.

254 1789 360 1828 Adde
393 1790 497 1841 quod
529 1791 603 1829 iste
634 1794 726 1828 tuus
745 1821 756 1842 ‚
788 1795 866 1828 tam
898 1788 1168 1886 raroanJelia
1197 1800 1361 1841 passm,

255 1847 410 1899 Integer
441 1854 502 1887 est
534 1848 711 1899 clipeus:
743 1853 877 1887 nostro
895 1879 906 1900 ,
940 1848 1006 1898 qui
1039 1853 1076 1886 te
1094 1859 1114 1885 a
1144 1846 1307 1886 serendo

254 1905 356 1945 Mille
388 1912 495 1958 patet
525 1906 647 1958 plagis
666 1938 677 1959 ,
709 1918 832 1945 novus
865 1911 926 1945 est
955 1917 1162 1945 successor
1193 1904 1418 1944 habendus.

170 1971 235 2003 120
255 1963 431 2016 Denique
449 1997 460 2018 ,
494 1965 587 2016 quid
618 1964 747 2004 verbis
780 1976 878 2016 opus
911 1970 970 2003 est
989 1961 1010 2003 ?
1041 1969 1267 2015 spectemur
1306 1960 1476 2015 agendo!

255 2023 370 2061 Arma
402 2025 475 2062 viri
507 2024 618 2062 fortis
651 2023 801 2062 medios
833 2024 1040 2065 mittantur
1071 2024 1112 2061 in
1143 2022 1302 2062 hostes:

257 2080 349 2120 Inde
382 2081 512 2121 iubete
545 2083 625 2133 peti
658 2087 697 2121 et
726 2082 965 2120 referentem
997 2085 1133 2127 ornate
1164 2080 1297 2120 relatis
1311 2076 1337 2119 .’

315 2138 487 2179 Finierat
517 2140 726 2180 Telamone
759 2145 895 2192 satus3
925 2139 1108 2190 vulgique
1140 2144 1319 2178 secutum

256 2196 397 2236 Ultima
428 2210 607 2238 murmur
639 2204 750 2238 erat.
790 2199 914 2237 donec
945 2197 1124 2237 Laertius
1154 2196 1272 2239 heros

174 2263 236 2294 125
257 2256 389 2294 Astitit
406 2286 417 2308 ,
450 2262 565 2307 atque
598 2257 731 2296 oculos
763 2257 923 2309 paulum
953 2255 1093 2296 tellure
1124 2260 1297 2295 moratos

259 2313 424 2354 Sustulit
458 2315 502 2353 ad
535 2327 719 2367 proceres
739 2347 749 2366 ,
782 2319 1065 2368 expectatoque
1097 2313 1277 2354 resolvit-
