1527 2580
573 143 639 178 XV
654 171 663 188 ,
690 146 875 178 ‘ul—813
889 171 896 178 .
993 155 1055 178 mv
1068 169 1075 177 .
1102 155 1218 178 umus
1321 142 1404 183 327

187 255 313 296 Caede
345 254 560 295 sacerdotis
592 253 766 293 flammas
798 254 1014 304 extinguite
1047 249 1226 292 Vestae.’

244 314 350 353 Talia
382 314 619 365 nequiquam
652 318 733 351 toto
766 311 897 351 Venus
929 313 1041 350 anxia
1073 311 1178 350 caelo

101 383 167 414 ἵει)
186 373 311 412 Verba
341 373 461 425 iacit3
493 383 736 423 superosque
770 376 926 410 movet.
965 371 1032 422 qui
1063 382 1247 422 rumpere

1174 440 1406 481 quamquam

187 490 330 529 Ferrea
361 502 439 529 non
471 495 636 541 possunt
667 494 845 528 veterum
878 488 1037 528 decreta
1068 499 1274 540 sororum,

188 549 305 600 Signa
337 554 466 588 tamen
498 548 627 588 luctus
659 547 752 586 dant
782 546 885 586 haud
917 549 1067 586 incerta
1099 547 1244 586 futuri.

187 608 303 646 Arma
335 608 468 646 ferunt
498 608 603 645 inter
634 607 765 657 nigras
799 607 1029 657 crepitantia
1061 605 1186 644 nubes

187 665 479 716 Terribilesque
511 663 626 704 tubas
658 664 866 716 auditaque
900 676 1047 704 cornua
1079 664 1185 703 caelo

101 732 167 763 '185
188 723 488 763 Praemonuisse
521 724 658 763 nefas.
698 723 790 763 solis
822 735 978 774 quoque
1010 724 1134 762 tristis
1166 724 1292 775 imago

187 782 331 822 Lurida
363 782 539 821 sollicitis
571 781 783 834 praebebat
813 781 960 820 lumina
991 783 1131 821 terris.

189 841 313 893 Saepe
345 841 449 880 faces
480 842 584 880 visae
616 841 754 880 mediis
786 840 924 880 ardere
957 840 1029 880 sub
1061 842 1199 880 astris:

190 899 314 952 Saepe
346 901 450 939 inter
483 899 636 938 nimbos
668 905 800 951 guttae
834 899 1012 939 cecidere
1046 904 1256 939 cruentae:

189 958 377 997 Caerulus
409 964 449 998 et
478 958 630 998 vultum
661 959 861 1010 ferrugine
894 957 1051 997 Lucifer
1082 963 1166 997 atra

102 1025 169 1056 ‘190
190 1017 358 1069 Sparsus
390 1023 503 1069 erat,
535 1018 660 1068 sparsi
691 1016 867 1056 Lunares
899 1018 1088 1068 sanguine
1120 1028 1287 1056 currus:

189 1075 332 1114 Tristia
363 1074 468 1114 mille
500 1075 596 1114 locis
630 1075 788 1127 Stygius
820 1074 929 1114 dedit
960 1076 1089 1114 omina
1120 1072 1247 1115 bubo:

189 1133 291 1173 Mille
321 1133 418 1172 locis
450 1133 666 1172 lacrimavit
697 1133 796 1172 ebur
814 1165 825 1186 ,
857 1139 1074 1184 cantusque
1101 1133 1283 1173 feruntur

191 1192 323 1231 Auditi
353 1193 499 1231 sanctis
531 1198 570 1231 et
601 1191 718 1232 verba
749 1193 936 1231 minantia
966 1191 1089 1231 lucis.

190 1250 352 1290 Victima
383 1250 489 1290 nulla
519 1250 633 1303 litat,
665 1262 904 1302 magnosque
936 1253 1083 1290 instare
1116 1250 1307 1290 tumultus

103 1317 169 1349 ’195
190 1308 306 1348 Fibra
336 1314 499 1362 monet,
531 1321 767 1361 caesumque
800 1315 917 1361 caput
947 1310 1145 1361 reperitur
1176 1311 1216 1349 in
1249 1311 1371 1349 extis.

190 1367 312 1419 Inque
345 1367 430 1407 foro
463 1369 692 1419 circumque
725 1368 861 1407 domos
893 1374 933 1407 et
963 1368 1106 1420 templa
1138 1368 1302 1407 deorum

190 1426 413 1465 Nocturnos
443 1425 616 1466 ululasse
649 1438 766 1465 canes
797 1425 1035 1478 umbrasque
1069 1426 1255 1466 silentum

189 1484 391 1524 Erravisse
422 1484 556 1524 ferunt
573 1516 584 1537 ‚
616 1491 838 1536 motamque
870 1484 1109 1524 tremoribus
1140 1485 1302 1525 urbem.

191 1543 276 1582 Non
308 1548 438 1582 tamen
468 1543 630 1582 insidias
661 1549 905 1596 venturaque
937 1545 1094 1583 vincere
1126 1544 1203 1583 fata

103 1609 172 1641 800
190 1601 463 1641 Praemonitus
494 1608 659 1654 potuere
692 1602 839 1642 deum:
871 1604 1077 1653 strictique
1110 1603 1297 1642 ferun-tur

193 1660 235 1698 ln
267 1659 457 1711 templum
488 1659 633 1713 gladii3
665 1672 793 1711 neque
827 1662 931 1699 enim
961 1660 1072 1700 locus
1109 1661 1212 1700 ullus
1243 1663 1284 1700 in
1310 1661 1412 1701 Urbe

191 1717 247 1757 Ad
279 1718 430 1757 facinus
462 1718 664 1770 diramque
695 1718 851 1771 placet,
883 1720 960 1758 nisi
991 1721 1129 1772 curia,
1162 1719 1343 1760 caedem.

191 1776 291 1816 Tum
321 1788 414 1816 vero
448 1776 639 1828 Cytherea
670 1789 788 1817 manu
813 1779 1012 1829 percussit
1042 1784 1208 1829 utraque

191 1834 335 1874 Pectus
353 1866 364 1887 ,
389 1841 430 1874 et
459 1835 667 1875 Aeneaden
698 1835 858 1876 molitur
891 1836 1059 1875 condere
1092 1836 1220 1890 nube,

105 1901 171 1932 805
193 1893 276 1939 Qua
296 1894 417 1945 ,prius
447 1894 591 1933 infesto
622 1894 734 1934 Paris
765 1901 827 1934 est
857 1900 1018 1946 ereptus
1049 1895 1231 1949 Atridae,

191 1951 240 1990 Et
271 1951 502 1991 Diomedeos
534 1953 684 1992 Aeneas
716 1953 870 2004 fugerat
901 1965 1037 1993 enses.

191 2009 350 2049 Talibus
380 2010 480 2049 banc
511 2013 694 2062 genitor:
727 2009 823 2050 ‘sola
854 2011 1118 2064 insuperabile
1150 2013 1295 2066 fatum,

191 2067 316 2121 Nata,
346 2080 504 2108 movere
534 2081 649 2121 paras
668 2067 691 2110 ’ἓ
720 2071 845 2110 intres
875 2070 968 2110 licet
999 2072 1083 2124 ipsa
1115 2083 1295 2111 sororum

191 2126 311 2165 Tecta
341 2125 490 2166 trium!
522 2140 661 2168 cernes
692 2128 771 2168 illic
803 2129 1002 2169 molimine
1034 2135 1143 2170 vasto

104 2191 170 2223 810
191 2183 247 2223 Ex
279 2196 369 2224 aere
401 2191 441 2224 et
471 2185 594 2225 solido
627 2199 761 2227 rerum
793 2187 981 2229 tabularia
1012 2189 1142 2242 ferro,

191 2242 297 2288 Quae
329 2255 457 2295 neque
489 2256 725 2285 concussum
757 2246 853 2286 caeli
884 2259 1011 2298 neque
1043 2247 1217 2287 fulminis
1248 2250 1346 2287 iram

190 2300 271 2340 Nec
302 2307 484 2342 metuunt
513 2303 611 2342 ullas
643 2310 725 2344 tuta
757 2311 874 2356 atque
906 2311 1064 2346 aeterna
1095 2308 1252 2346 ruinas.

190 2358 367 2400 Invenies
398 2360 477 2400 illic
508 2362 631 2402 incisa
663 2363 863 2404 adamante
895 2366 1061 2416 perenni
