1527 2580
571 112 654 147 vul
670 141 678 156 ,
705 116 890 148 soz-576
906 141 913 148 .
1035 126 1211 150 acuamus
1334 116 1415 158 165

197 221 293 262 Post
323 224 496 262 cinerem
530 224 683 261 cineres
715 223 875 262 haustos
906 223 953 262 ad
984 229 1143 274 pectora
1175 232 1376 277 pressant,

107 289 174 320 540
196 280 444 333 Adrusaeque
476 282 605 320 iacent
636 281 786 320 tumulo
806 313 816 333 ,
849 283 1075 333 signataque
1107 294 1198 321 saxo

194 339 358 379 Nomina
389 339 613 391 complexae
644 339 823 379 lacrimas
855 342 893 379 in
926 342 1080 380 nomina
1113 341 1302 381 fundunt.

195 398 299 444 Quas
330 397 587 438 Parthaoniae
619 398 775 437 tandem
807 399 966 438 Latonia
997 399 1104 438 clade

195 456 391 496 Exsatiata
423 457 562 496 domus
595 456 770 508 [praeter
803 457 1035 509 Gorgenque
1069 470 1292 509 nurumque

195 515 345 555 Nobilis
377 515 604 566 Alcmenae]
637 518 737 554 natis
770 518 810 555 in
842 511 1008 568 corpore
1037 519 1176 568 pennis

108 581 174 612 545
195 574 344 614 Allevat
374 580 414 613 et
446 574 579 626 longas
611 586 681 626 per
713 574 892 614 bracchia
925 577 1090 627 porrigit
1123 575 1200 614 alas

195 632 425 683 Corneaque
445 645 513 671 ora
534 633 626 672 facit
645 645 854 684 versasque
874 646 944 686 per
965 638 1053 672 aera
1074 635 1213 673 mittit.
1241 642 1269 669 1.
1283 642 1412 669 uxvffl·

253 690 407 731 Interea
437 691 616 732 Theseus
648 694 784 731 sociati
815 698 923 744 parte
957 692 1099 732 laboris

195 749 370 789 Functus
401 749 642 790 Erechtheas
674 751 900 790 Tritonidos
931 751 1010 790 ibat
1041 751 1087 790 ad
1119 763 1251 791 arces.

197 808 347 848 Clausit
377 810 453 848 iter
485 809 655 861 fecitque
688 821 816 849 moras
848 809 1042 849 Achelous
1074 811 1184 849 eunti

107 875 175 906 560
195 866 325 906 imbre
364 872 547 907 tumens.
587 865 770 908 ‘succede
810 870 907 907 meis
924 865 952 922 ‚'
983 870 1037 908 ait
1077 865 1248 920 ‘inclite,
1282 870 1418 921 tectis,

197 925 412 978 Cecropida
430 958 441 978 ,
474 938 547 966 nec
579 932 617 966 te
650 929 848 966 committe
880 926 1086 979 rapacibus
1116 926 1254 966 undis.

199 984 321 1024 Ferre
354 984 485 1024 trabes
518 984 661 1024 solidas
693 985 928 1037 obliquaque
960 985 1113 1024 volvere
1146 997 1284 1036 magno

196 1043 398 1082 Murmure
431 1055 521 1083 saxa
552 1043 707 1083 solent.
745 1043 824 1083 vidi
854 1045 1097 1083 contermina
1130 1045 1236 1095 ripae

198 1101 297 1141 Cum
327 1101 513 1154 gregibus
545 1102 696 1142 stabula
728 1102 802 1142 alta
834 1102 965 1155 trabi3
996 1114 1069 1142 nec
1102 1101 1269 1141 sortibus
1302 1102 1378 1142 illic

111 1166 178 1199 565
198 1161 353 1200 Profuit
382 1163 570 1200 armentis
588 1193 601 1214 ‚
631 1173 704 1200 nec
736 1162 848 1212 equis
879 1160 1079 1200 velocibus
1110 1173 1220 1200 esse.

198 1218 318 1258 Multa
349 1230 507 1270 quoque
538 1219 603 1259 hic
635 1226 791 1259 torrens
824 1219 977 1259 nivibus
1010 1219 1057 1258 de
1090 1225 1222 1258 monte
1255 1219 1391 1258 solutis

198 1277 371 1329 Corpora
403 1277 586 1317 turbineo
611 1278 801 1318 iuvenalia
832 1280 978 1317 vertice
1010 1279 1170 1317 mersit.

197 1336 338 1375 Tutior
369 1342 430 1375 est.
460 1339 619 1388 requies
637 1369 649 1390 ,
680 1337 794 1376 solito
827 1336 920 1376 dum
951 1336 1112 1376 flumina
1144 1343 1305 1375 currant

197 1394 338 1434 Limite
357 1426 368 1447 ‚
400 1394 493 1434 dum
525 1401 666 1435 tenues
697 1397 824 1447 capiat
855 1407 950 1435 suus
983 1395 1114 1434 alveus
1145 1394 1292 1434 undas.

110 1460 179 1492 560
197 1454 346 1492 Annuit
376 1453 543 1505 Aegides
575 1451 678 1494 ‘utar
697 1451 724 1506 ,²
756 1466 833 1505 que
866 1451 1048 1493 ‘Acheloe
1067 1485 1079 1506 ,
1110 1453 1304 1504 domoque

199 1511 450 1563 Consilioque
482 1509 566 1552 tuo’
598 1512 829 1564 respondit.
868 1518 909 1552 et
939 1524 1035 1552 usus
1066 1517 1237 1563 utroque
1269 1518 1350 1550 est.

198 1570 359 1610 Pumice
391 1570 600 1611 multicavo
632 1583 705 1611 nec
736 1570 887 1611 levibus
919 1572 1017 1610 atria
1047 1570 1177 1622 tophis

201 1628 361 1669 Structa
392 1628 528 1669 subit:
560 1629 666 1669 molli
697 1629 814 1669 tellus
846 1636 930 1669 erat
960 1628 1091 1668 umida
1121 1640 1282 1680 musco;

203 1687 363 1727 Summa
395 1687 629 1728 lacunabant
659 1688 809 1728 alterno
842 1689 991 1727 murice
1024 1687 1217 1727 conchae.

114 1752 181 1784 565
204 1746 362 1797 lamque
393 1746 490 1786 duas
521 1747 620 1786 lucis
652 1753 783 1799 partes
815 1746 1038 1798 Hyperione
1070 1757 1206 1785 menso

200 1804 444 1844 Discubuere
476 1807 574 1845 toris
605 1805 783 1844 Theseus
815 1807 1056 1855 comitesque
1088 1803 1288 1842 laborum:

201 1863 282 1902 Hac
313 1863 508 1903 Ixionides
527 1896 539 1917 ,
569 1863 634 1903 illa
664 1863 904 1903 Troezenius
936 1863 1053 1901 heros

200 1921 316 1961 Parte
347 1921 464 1962 Lelex
483 1954 495 1975 ‚
526 1925 625 1962 raris
656 1924 732 1962 iam
764 1934 924 1974 sparsus
957 1927 1133 1973 tempora
1164 1921 1295 1972 canis,

202 1980 388 2032 Quosque
420 1981 516 2021 alios
547 1981 660 2033 parili
692 1982 820 2021 suerat
851 1980 1032 2031 dignatus
1063 1979 1213 2018 honore

113 2045 182 2077 570
201 2039 337 2078 Amnis
366 2039 615 2079 Acarnanum
632 2071 644 2093 ‚
674 2039 910 2079 laetissimus
943 2038 1096 2090 hospite
1128 2043 1236 2076 tanto
1253 2068 1262 2076 .

200 2096 388 2137 Protinus
418 2100 616 2150 appositas
646 2098 773 2138 nudae
806 2099 967 2148 vestigia
999 2096 1190 2148 nymphae

200 2155 429 2195 Instruxere
462 2157 588 2208 epulis
620 2168 803 2209 mensas,
835 2155 1079 2207 dapibusque
1111 2156 1273 2194 remotis

201 2214 244 2253 {n
275 2226 427 2266 gemma
458 2227 628 2267 posuere
659 2227 841 2254 merum.
879 2220 964 2254 tum
995 2215 1187 2253 maximus
1219 2213 1360 2264 heros,

200 2273 381 2325 Aequora
412 2274 658 2326 prospiciens
689 2273 814 2313 oculis
846 2272 1021 2312 subiecta
1039 2305 1051 2326 ‚
1083 2268 1202 2323 ‘quis’
1233 2272 1362 2322 inquit

114 2338 181 2370 575
202 2328 286 2371 ‘lue
317 2332 427 2371 locus
446 2329 484 2371 ?'
516 2332 716 2384 digitoque
749 2331 949 2386 ostendit,
980 2337 1020 2371 et
1051 2328 1192 2370 ‘insula
1225 2341 1366 2369 nomen
