1554 2506
124 85 178 126 74
340 98 504 120 samuele
670 84 885 119 METAMM
897 111 905 119 .

238 195 359 234 Celmi
371 227 381 248 ‚
401 195 480 233 Iovi
493 226 503 246 ‚
523 195 708 244 largoque
728 200 832 232 satos
853 193 1016 232 Curetas
1036 193 1082 232 ab
1103 194 1239 247 imbri,
1254 203 1296 230 tt.
1315 203 1455 232 xli-xliv.

237 253 287 293 Et
318 253 470 292 Crocon
502 255 542 291 in
574 264 712 303 parvos
745 264 902 290 versum
933 265 1024 291 cum
1056 252 1221 292 Smilace
1253 253 1371 293 ssores

238 312 475 363 Praetere03
507 311 690 360 dulcique
722 312 870 349 animos
903 313 1071 350 novitate
1104 311 1269 350 tenebo.

149 378 216 410 285
296 370 404 408 Unde
438 371 488 408 sit
519 370 702 421 infamis,
735 381 854 420 quare
888 369 984 407 male
1018 369 1186 409 sortibus
1219 369 1335 410 undis

237 429 300 467 Sal
328 430 421 467 iacis
454 433 615 466 enervet
646 433 848 479 tactosque
881 429 1072 466 remolliat
1103 434 1234 481 artus,

236 441 380 547 DddM
401 517 410 525 .
448 498 563 524 causa
594 486 716 525 latet:
747 489 804 525 vis
837 493 897 525 est
929 488 1130 525 notissima
1163 487 1304 527 fontis.

234 545 429 583 Mercurio
462 556 629 595 puerum
662 544 745 583 diva
772 544 1003 596 Cythereide
1037 552 1171 584 natum

235 603 376 641 Naides
409 602 532 641 Idaeis
565 604 788 642 enutrivere
821 603 894 642 sub
928 605 1074 655 antris;

147 669 214 701 290
235 662 355 700 Cuius
388 668 472 700 erat
504 662 651 714 facies,
683 663 722 700 in
755 674 831 712 qua
862 668 1064 713 materque
1096 668 1286 714 paterque

235 720 427 771 Cognosci
457 726 646 771 possent3
678 732 820 758 nomen
853 733 1010 771 quoque
1042 723 1160 759 traxit
1191 720 1237 759 ab
1269 721 1366 760 illis.

232 779 270 817 Is
303 781 376 817 tria
407 791 497 817 cum
529 781 700 829 primum
732 780 825 817 fecit
857 780 1122 829 quinquennia
1142 811 1153 832 ‚
1185 785 1338 818 montes

232 837 416 876 Deseruit
446 839 622 889 patrios,
655 837 798 888 ldaque
832 837 965 876 altrice
999 836 1135 876 relicta

233 895 380 946 Ignotis
412 908 545 934 errare
578 896 673 934 locis
691 926 703 948 ‚
736 897 865 946 ignota
897 895 1028 934 videre

145 961 212 993 295
233 954 411 993 Flumina
442 954 662 1006 gaudebat,
695 954 825 993 studio
858 956 1058 993 minuente
1090 954 1288 994 laborem.

232 1013 298 1051 llle
333 1014 449 1051 etiam
481 1013 614 1064 Lycias
648 1013 766 1052 urbes
799 1012 1016 1063 Lyciaeque
1048 1015 1291 1065 propinquos

234 1071 350 1110 Caras
383 1072 489 1110 adit.
527 1072 632 1110 videt
663 1072 725 1110 1110
758 1078 938 1122 stagnum
970 1071 1138 1110 lucentis
1169 1071 1216 1110 ad
1249 1074 1370 1111 imum

232 1130 364 1181 Usque
396 1130 523 1168 solum
555 1130 732 1180 lymphae
753 1161 761 1168 .
800 1142 878 1168 non
912 1130 988 1168 illic
1021 1142 1144 1168 canna
1175 1130 1361 1181 palustris

231 1188 312 1227 Nec
344 1188 498 1227 steriles
531 1188 640 1226 ulvae
672 1201 745 1227 nec
777 1194 890 1227 acuta
921 1188 1083 1239 cuspide
1114 1190 1244 1241 iunci3

143 1255 211 1287 300
231 1247 470 1298 Perspicuus
503 1247 631 1297 liquor
664 1253 751 1286 est.
789 1248 916 1297 stagni
947 1252 1077 1285 tamen
1110 1247 1245 1285 ultima
1275 1248 1360 1286 vivo

233 1305 411 1356 Caespite
444 1307 656 1356 cinguntur
688 1318 923 1356 semperque
955 1305 1172 1344 virentibus
1205 1305 1360 1344 herbis.

232 1364 409 1415 Nympha
440 1364 532 1403 colit
550 1396 561 1415 ‚
593 1365 662 1403 sed
694 1377 766 1403 nec
793 1364 995 1403 venatibus
1029 1371 1145 1416 apta,
1179 1376 1251 1403 neo
1283 1376 1397 1404 arcus

231 1422 408 1461 Flectere
442 1435 539 1473 quae
572 1423 722 1475 soleat,
755 1435 827 1461 nec
859 1435 958 1474 quae
990 1423 1229 1462 contendere
1262 1435 1406 1477 cursu,

233 1481 400 1532 Solaque
433 1481 612 1519 naiadum
646 1482 764 1520 celeri
796 1494 874 1520 non
907 1488 996 1520 nota
1030 1481 1194 1521 Dianae.

143 1547 210 1579 305
233 1539 356 1590 Saepe
390 1552 480 1578 suas
511 1540 567 1578 illi
599 1541 698 1578 fama
731 1545 791 1579 est
822 1540 966 1578 dixisse
999 1552 1155 1578 sorores

234 1595 432 1637 “Salmaci
449 1630 460 1650 ‚
492 1598 552 1637 vel
584 1599 782 1651 iaculum,
815 1598 875 1636 vel
906 1600 1029 1650 pictas
1061 1611 1171 1637 sume
1203 1599 1406 1651 pharetras

231 1656 281 1696 Et
312 1663 377 1696 tua
410 1669 501 1695 cum
527 1657 636 1695 duris
670 1657 871 1696 venatibus
904 1660 980 1695 otia
1013 1659 1134 1696 misce
1148 1654 1189 1697 .''

231 1715 312 1754 Nec
337 1715 508 1754 iaculum
540 1717 659 1754 sumit
691 1728 762 1754 nec
795 1718 918 1767 pictas
951 1715 1014 1754 illa
1046 1716 1275 1770 pharetras,

231 1773 312 1812 Nec
343 1786 426 1812 sua·
445 1786 535 1813 cum
567 1774 676 1812 duris
708 1774 911 1813 venatibus
937 1776 1015 1812 otia
1046 1776 1209 1814 miscet:

145 1840 212 1872 310
235 1832 311 1870 Sed
343 1833 457 1871 modo
491 1834 597 1871 fonte
630 1845 701 1871 suo
735 1834 927 1871 formosos
958 1833 1104 1884 perluit
1135 1839 1268 1887 artus,

234 1891 357 1942 Saepe
385 1891 587 1942 Cytoriaco
621 1891 780 1930 deducit
810 1893 965 1942 pectine
998 1893 1151 1947 crines,

232 1948 282 1987 Et
313 1950 407 1999 quid
440 1962 481 1988 se
513 1950 650 1989 deceat
667 1981 679 2002 ,
711 1956 904 2001 spectatas
937 1950 1106 1988 consulit
1136 1950 1285 1989 undas:

232 2007 345 2046 Nunc
376 2008 596 2058 perlucenti
629 2008 867 2047 circumdata
900 2021 1043 2060 corpus
1076 2010 1220 2047 amictu

232 2065 413 2105 Mollibus
446 2073 513 2105 aut
545 2067 646 2106 foliis
678 2074 745 2106 aut.
775 2067 958 2106 mollibus
990 2067 1151 2106 incubat
1182 2067 1338 2106 herbis:

145 2132 212 2162 315
235 2123 358 2175 Saepe
391 2124 484 2175 legit
515 2125 632 2164 ssores
653 2157 661 2164 .
701 2132 741 2165 et
772 2132 866 2165 tunc
899 2138 1056 2177 quoque
1088 2127 1189 2164 forte
1221 2125 1397 2177 legebat,

233 2181 330 2221 Cum
362 2195 529 2233 puerum
561 2185 683 2236 vidit,
716 2187 920 2235 visumque
953 2186 1100 2236 optavit
1129 2183 1298 2223 habere.

231 2240 313 2279 Nec
345 2246 475 2280 tamen
507 2249 595 2280 ante
628 2243 752 2296 adiit,
776 2245 851 2282 etsi
881 2242 1118 2294 properabat
1148 2243 1279 2294 adire,

233 2298 358 2344 Quam
389 2312 431 2339 se
463 2303 712 2353 composuit,
744 2314 860 2352 quam
891 2303 1172 2353 circumspexit
1202 2303 1392 2355 amictus,
