1538 2496
123 144 210 187 284
359 158 529 182 CERCOPES
679 144 892 179 METAMM
906 172 916 181 .

177 263 221 296 60
242 256 340 295 Cum
371 268 440 295 sua
474 255 621 294 foedari
653 254 885 294 latrantibus
917 255 1078 306 inguina
1111 256 1299 295 monstris

240 316 416 366 Aspicit.
456 326 499 352 ac
530 315 657 364 primo
689 325 768 352 non
800 313 967 352 credens
999 315 1177 365 corporis
1209 313 1293 353 illas

241 373 337 411 Esse
370 373 432 411 sui
462 378 594 423 partes
613 403 624 424 ,
656 372 881 423 refugitque
914 371 1112 424 abigitque
1145 373 1334 423 timetque

242 431 319 470 Ora
350 435 530 482 proterva
572 442 743 470 canum:
775 430 843 469 sed
883 442 981 481 quos
1019 430 1147 483 fugit,
1179 430 1339 470 attrahit
1369 442 1470 484 una,

240 489 290 528 Et
321 501 465 540 corpus
505 500 700 540 quaerens
738 489 933 528 femorum
971 501 1212 540 crurumque
1244 489 1468 541 pedumque

176 554 219 586 65
241 547 457 586 Cerbereos
489 549 614 587 rictus
644 560 717 599 pro
748 547 928 600 partibus
959 549 1109 587 invenit
1138 547 1240 587 illis:
1276 555 1305 582 r.
1325 555 1467 583 clxxxvi:

242 606 404 657 Statque
437 618 579 646 canum
611 606 720 646 rabie
738 637 750 659 ‚
782 606 1039 657 subiectaque
1070 611 1181 658 terga
1212 606 1385 645 ferarum

240 664 472 715 Inguinibus
503 666 657 704 truncis
688 670 882 716 uteroque
915 670 1071 704 extante
1103 670 1284 704 coercet.

297 723 424 762 Flevit
454 735 588 762 amans
620 723 789 763 Glaucus
807 755 819 777 ‚
850 725 1093 774 nimiumque
1125 722 1321 762 hostiliter
1354 733 1446 761 usae
1520 764 1535 778 ᾖ,

240 779 398 821 Viribus
428 781 644 821 herbarum
675 783 776 833 fug-it
806 781 974 821 conubia
1005 781 1163 820 Circes.
1518 777 1538 829 ,ςέ

168 847 211 878 70
239 837 365 889 Scylla
396 837 482 877 loco
514 839 681 889 mansit,
715 848 884 887 cumque
917 841 978 875 est
1010 836 1097 875 data
1129 836 1241 887 copia
1271 836 1469 889 primum,

239 897 281 935 ln
315 896 450 935 Circes
482 897 617 935 odium
648 896 766 934 sociis
799 894 978 946 spoliavit
1010 894 1172 934 Ulixen.
1515 893 1531 947 ξ

240 955 346 1005 [Mox
379 955 516 994 eadem
546 955 720 994 Teucras
752 954 882 992 fuerat
911 965 1092 992 mersura
1124 954 1301 1005 carinas,
1514 955 1538 1034 g

237 1014 286 1052 Ni
305 1015 416 1064 prius
442 1015 483 1052 in
509 1013 733 1065 scopulum,
767 1014 835 1063 qui
866 1024 972 1051 nunc
996 1024 1154 1063 quoque
1179 1023 1321 1051 saxeus
1350 1016 1469 1065 extat,
1518 1018 1538 1058 ..g

237 1067 531 1107 Transformata
563 1069 692 1107 foret.
734 1067 940 1119 scopulum
972 1079 1129 1119 quoque
1161 1069 1290 1107 navita
1534 1062 1538 1071 '

1086 1127 1182 1166 vitat
1198 1125 1226 1176 ,]
1260 1133 1289 1161 ε.
1309 1133 1464 1160 dxxxvii.

172 1189 215 1223 '15
295 1183 403 1224 Hanc
434 1184 503 1224 ubi
534 1185 726 1224 Troianae
758 1186 878 1224 remis
910 1184 1139 1236 avidamque
1172 1184 1395 1237 Charybdin

234 1241 398 1282 Evicere
431 1249 536 1283 rates
553 1256 688 1296 scum
718 1244 796 1282 iam
826 1255 950 1295 prope
981 1243 1076 1283 litus
1108 1243 1292 1283 adessent

235 1302 482 1354 Ausonium,
513 1301 678 1353 Libycas
709 1308 826 1341 vento
858 1303 1090 1342 referuntur
1121 1302 1168 1341 ad
1200 1314 1312 1342 oras.

236 1359 392 1412 Excipit
421 1360 580 1399 Aenean
610 1360 690 1400 illic
722 1362 932 1413 animoque
964 1361 1185 1414 domoque,

236 1417 322 1457 Non
353 1419 453 1458 bene
487 1419 696 1459 discidium
727 1419 888 1471 Phrygii
918 1419 1046 1459 latura
1076 1421 1231 1472 mariti,

171 1483 216 1515 80
238 1476 423 1516 Sidonis:
454 1479 573 1529 inque
604 1489 701 1530 pyra
732 1480 834 1517 sacri
865 1478 939 1517 sub
964 1479 1134 1530 imagine
1165 1479 1267 1518 facta

235 1535 419 1575 Incubuit
450 1537 556 1575 ferro
574 1568 586 1589 ‚
618 1537 860 1588 deceptaque
892 1537 1039 1588 decipit
1070 1549 1227 1576 omnes.

235 1594 389 1633 Rursus
420 1594 636 1634 harenosae
669 1596 824 1646 fugiens
855 1607 955 1634 nova
985 1597 1140 1635 moenia
1170 1601 1301 1634 terrae

235 1653 293 1692 Ad
325 1653 538 1705 sedemque
569 1653 708 1705 Erycis
740 1653 941 1705 fidumque
968 1653 1116 1693 relatus
1147 1654 1317 1693 Acesten

236 1711 438 1751 Sacrificat
469 1712 745 1763 tumulumque
777 1714 839 1751 sui
870 1713 1060 1764 genitoris
1092 1712 1282 1752 honorat.

171 1776 215 1809 85
237 1770 420 1822 Quasque
452 1777 558 1810 rates
590 1770 664 1810 Iris
696 1770 860 1810 Iunonia
889 1783 1014 1822 paene
1047 1777 1265 1824 cremarat,

236 1829 387 1882 Solvit,
419 1835 459 1869 et
488 1829 731 1882 Hippotadae
763 1841 960 1883 regnum,
987 1826 1198 1881 tfflasque
1230 1829 1376 1869 calenti

236 1887 406 1940 Sulpure
438 1889 635 1928 fumantes
666 1888 1024 1940 Acheloiadumque
1055 1888 1246 1940 relinquit

237 1946 421 1986 Sirenum
453 1947 665 1999 scopulos:
696 1946 910 1998 orbataque
941 1947 1121 1998 praeside
1152 1948 1270 1999 pinus

235 2005 431 2045 Inarimen
462 2005 765 2057 Prochytenque
797 2006 920 2058 legit,
952 2005 1157 2057 sterilique
1188 2005 1334 2045 locatas

174 2070 218 2102 90
240 2063 345 2102 Colle
377 2064 608 2104 Pithecusas
627 2096 639 2117 ,
669 2064 916 2104 habitantum
947 2064 1106 2103 nomine
1138 2064 1286 2103 dictas.

236 2122 388 2174 Quippe
421 2123 538 2162 deum
570 2124 724 2174 genitor
756 2123 935 2162 fraudem
966 2128 1007 2162 et
1035 2124 1212 2175 periuria
1243 2122 1439 2175 quondam

235 2180 455 2232 Cercopum
487 2194 628 2221 exosus
660 2184 868 2234 gentisque
900 2181 1068 2221 admissa
1099 2181 1256 2221 dolosae

234 2239 279 2277 ln
311 2239 485 2278 deforme
518 2242 622 2279 viros
648 2240 790 2280 animal
815 2243 1001 2294 mutavit,
1032 2245 1077 2280 ut
1099 2240 1205 2280 idem
1247 2247 1462 2276 f·01xxxvii¹·

235 2297 451 2336 Dissimiles
483 2298 632 2337 homini
663 2305 826 2350 possent
858 2299 1084 2351 similesque
1115 2299 1272 2351 videri3-

170 2363 214 2396 95
234 2355 485 2408 Membraque
520 2360 743 2410 contraxit,
775 2370 970 2410 naresque
1002 2370 1023 2397 a
1054 2358 1184 2398 fronte
1215 2359 1380 2397 resimas
