1527 2580
582 61 667 96 XIV
683 88 694 104 ‚
720 64 905 97 496—569
923 89 930 95 .
1000 74 1135 96 Δεκεᾼε
1162 75 1270 96 &aves
1338 61 1420 103 297

200 170 390 210 Mulciber
421 170 589 223 urebat,
619 183 769 222 perque
801 171 921 211 altum
953 171 999 210 ad
1033 171 1190 210 carbasa
1223 171 1364 210 malum

200 228 285 268 Ibat
303 261 314 282 ,
347 235 387 269 et
417 231 602 269 incurvae
636 229 836 269 fumabant
868 236 1038 269 transtra
1070 232 1248 269 carinae:

113 295 180 327 535
202 288 300 327 Cum
330 299 481 328 memor
512 288 582 327 has
613 289 729 340 pinus
762 288 874 328 Idaeo
907 290 1053 328 vertice
1086 300 1218 327 caesas

202 346 344 386 Sancta
375 346 492 386 deum
523 348 702 398 genetrix
736 347 942 386 tinnitibus
973 351 1062 386 aera
1093 346 1196 398 pulsi

200 407 312 444 Aeris
344 411 384 444 et
415 405 537 444 inflati
570 405 777 457 complevit
809 418 1011 445 murmure
1042 405 1160 458 buxi,

200 463 356 515 Perque
387 464 493 503 leves
525 464 683 503 domitis
715 466 867 504 invecta
899 464 1078 504 leonibus
1111 475 1224 503 auras

202 519 332 562 ‘Irrita
364 523 551 573 sacrilega
583 525 703 562 iactas
729 523 910 562 incendia
930 523 1101 575 -dextra,

113 587 181 620 540
201 580 336 620 Turne
355 578 380 621 1’
413 582 467 620 ait
499 578 706 633 ‘eripiamz
737 594 811 621 nec
842 594 904 621 me
935 583 1107 633 patiente
1140 580 1328 621 cremabit

204 639 309 691 Ignis
342 639 439 678 edax
471 652 678 680 nemo-rum
708 647 841 692 partes
875 647 913 679 et
944 639 1118 680 membra
1150 652 1326 679 meorum
1342 636 1365 677 .'

202 697 378 738 Intonuit
410 698 563 738 dicente
597 699 667 738 dea
686 731 696 751 ‚
729 701 997 750 tonitrumque
1031 700 1155 738 secuti

203 756 300 796 Cum
332 756 495 796 saliente
527 769 663 809 graves
696 757 925 797 ceciderunt
955 757 1142 809 grandine
1175 756 1319 808 nimbi,

201 816 382 866 Aeraque
414 822 453 855 et
485 816 679 856 tumidum
711 816 850 855 subitis
884 815 1142 856 concursibus
1174 826 1320 866 aequor

114 880 181 912 545
202 874 356 914 Astraei
387 873 548 914 turbant
579 881 619 914 et
649 881 745 914 eunt
776 877 815 913 in
847 874 996 926 proelia
1026 875 1190 914 fratres.

201 932 232 971 E
266 932 408 983 quibus
441 933 540 972 alma
572 945 713 984 parens
745 935 863 972 unius
894 932 1042 972 viribus
1075 945 1168 985 usa,

204 990 379 1043 Stuppea
409 993 614 1043 praerupit
645 991 835 1043 Phrygiae
866 991 1083 1031 retinacula
1115 990 1274 1043 classis,

203 1049 375 1100 Fertque
400 1056 506 1089 rates
530 1062 675 1102 pronas
693 1082 705 1103 ‚
731 1050 939 1101 medioque
966 1049 1038 1090 sub
1066 1062 1235 1100 aequore
1262 1050 1424 1100 mergit.

199 1107 355 1147 Robore
387 1108 534 1148 mollito
567 1108 750 1160 lignoque
781 1110 823 1148 in
855 1120 1019 1160 corpora
1051 1120 1164 1147 verso
1256 1116 1287 1143 f.
1308 1115 1425 1143 cxcvii·

113 1165 266 1216 550[1n
298 1168 469 1218 capitum
501 1168 619 1206 facies
651 1179 804 1219 puppes
836 1173 1039 1206 mutantur
1071 1166 1268 1219 aduncae,

200 1225 243 1264 ln
276 1224 418 1276 digitos
451 1225 596 1265 abeunt
627 1232 667 1265 et
698 1238 815 1265 crura
845 1227 1018 1265 natantia
1049 1226 1171 1278 remi,

200 1283 393 1335 Quodque
427 1285 537 1323 sinus
570 1284 698 1324 suerat
715 1316 726 1338 ‚
758 1284 860 1323 latus
892 1290 982 1337 est,
1014 1283 1232 1334 mediisque
1265 1283 1395 1322 carina

201 1341 366 1382 Subdita
396 1344 558 1394 navigiis
591 1345 725 1395 spinae
758 1348 931 1382 mutatur
962 1344 1003 1382 in
1035 1354 1175 1394 usum,

200 1399 297 1440 Lina
329 1413 462 1440 comae
494 1401 660 1455 molles,
692 1407 895 1441 antemnae
928 1400 1110 1440 bracchia
1141 1399 1281 1452 fiunt3]

112 1465 180 1497 555
202 1458 415 1511 Caerulus,
434 1465 478 1499 ut
497 1460 625 1500 suerat
637 1491 647 1512 ‚
667 1460 774 1500 color
794 1465 877 1512 est3
903 1471 1079 1511 quasque
1099 1464 1188 1498 ante
1214 1458 1424 1511 timebant,

199 1517 286 1556 illas
318 1519 502 1569 virgineis
534 1524 721 1558 exercent
751 1518 903 1558 lusIbus
934 1518 1059 1557 undas

201 1575 342 1615 Naides
375 1588 592 1627 aequoreae
613 1571 635 1616 .’
662 1576 869 1628 [du-risque
895 1578 936 1616 in
967 1576 1167 1615 montibus
1199 1582 1306 1614 ortae

199 1634 313 1673 Molle
346 1634 491 1674 fretum
523 1634 752 1688 celebrant,
784 1647 856 1675 nec
889 1647 954 1674 eas
986 1647 1056 1673 sua
1089 1635 1212 1685 tangit
1243 1636 1374 1685 origo.

199 1691 285 1731 Non
319 1698 446 1732 tamen
480 1692 652 1746 oblitae,
685 1705 801 1745 quam
834 1693 954 1732 multa
986 1692 1160 1744 pericula
1191 1704 1304 1731 saevo

112 1757 180 1790 560
199 1750 442 1790 Pertulerint
472 1751 608 1803 pelago
627 1751 656 1804 ,]
690 1753 841 1791 iactatis
874 1764 989 1803 saepe
1022 1753 1164 1790 carinis

201 1809 454 1861 Subposuere
486 1822 625 1849 manus
644 1842 655 1863 ‚
687 1812 762 1849 nisi
794 1812 906 1862 siqua
938 1809 1103 1849 vehebat
1132 1808 1321 1848 Achivos.

201 1867 348 1918 [Cladis
381 1868 506 1908 adhuc
538 1868 728 1920 Phrygiae
762 1881 955 1908 memores
974 1900 986 1921 ,
1017 1868 1136 1907 odere
1168 1867 1374 1919 Pelasgos:

198 1925 452 1978 Neritiaeque
484 1929 580 1966 ratis
612 1927 794 1966 viderunt
826 1928 1015 1978 fragmina
1046 1927 1158 1966 laetis

111 1991 180 2023 564
200 1984 409 2038 vultibus,
441 1991 482 2025 et
512 1985 634 2026 laetae
667 1985 798 2024 videre
832 1988 1028 2037 rigescere
1059 1987 1245 2037 puppim.

111 2049 179 2082 566
202 2042 300 2094 Spes
333 2049 445 2095 erat,
478 2045 517 2083 in
548 2044 737 2095 nymphas
769 2046 936 2083 animata
968 2044 1090 2083 classe
1123 2045 1291 2084 marinas

198 2101 320 2141 Posse
352 2108 460 2141 metu
492 2105 660 2142 monstri
690 2102 879 2142 Rutulum
912 2102 1102 2142 desistere
1135 2101 1279 2152 bell0.]

258 2159 443 2212 Perstat,
475 2160 669 2213 habetque
703 2161 796 2200 deos
827 2173 918 2213 pars
950 2167 1115 2213 utraque
1134 2193 1146 2215 ‚
1179 2161 1361 2213 quodque

1165 2220 1329 2259 deorum
1361 2224 1421 2258 est

201 2276 356 2329 Instar,
388 2277 532 2317 habent
564 2279 740 2318 animos.
781 2290 851 2318 nec
883 2280 958 2318 iam
990 2279 1130 2318 dotalia
1161 2291 1304 2330 regna,
