1507 2580
572 99 587 133 1
602 127 610 142 ,
635 101 822 134 400—473
836 127 842 134 .
1018 111 1156 134 nnana
1326 100 1379 142 13

158 207 325 247 Rettulit
355 209 534 259 antiquas
554 240 565 260 ,
596 210 736 260 partim
770 220 866 248 nova
897 214 1072 247 monstra
1105 211 1272 249 creavit.

157 266 224 304 llla
257 265 415 317 quidem
447 266 596 318 nollet,
628 267 695 306 sed
729 274 766 306 te
799 279 955 319 quoque
975 299 987 320 ‚
1018 269 1183 307 maxime
1204 267 1379 319 Python,

158 324 258 363 Tum
289 326 456 376 genuit,
485 325 717 377 populisque
750 328 889 379 novis,
919 328 1115 377 incognite
1148 339 1334 379 serpens,

69 391 138 423 440
158 383 305 422 Terror
337 395 454 435 eras3
487 390 638 423 tantum
669 386 784 436 spatii
816 385 863 423 de
896 390 1027 424 monte
1060 384 1245 424 tenebas,

155 441 269 481 Hunc
301 441 399 481 deus
430 444 653 482 arcitenens
674 474 685 495 ,
716 449 756 482 et
787 455 1000 495 numquam
1030 442 1172 484 talibus
1204 444 1321 482 armis

155 500 255 539 Ante
288 502 363 540 nisi
394 502 434 540 in
469 500 633 540 dammis
666 503 896 553 capreisque
928 503 1132 554 fugacibus
1163 514 1285 554 usuS,

155 558 259 597 Mille
284 571 442 610 gravem
474 560 591 612 telis,
624 560 810 599 exhausta
841 573 965 612 paene
997 561 1206 613 pharetra,

155 616 332 656 Perdidit
362 618 487 657 el'suso
518 631 589 669 per
620 619 780 658 vulnera
813 621 924 671 nigra
948 632 1121 659 veneno.

68 684 136 715 445
156 675 260 715 Neve
292 678 423 728 operis
455 677 595 716 samam
626 679 752 728 possit
782 677 912 717 delere
945 684 1145 730 vetustas,

157 734 332 774 Instituit
361 746 494 774 sacros
527 735 672 775 celebri
705 738 917 776 certamine
949 736 1063 776 ludos

155 793 292 844 Pythia
324 793 566 845 perdomitae
600 797 795 846 serpentis
828 797 985 834 nomine
1018 795 1166 834 dictos.

157 851 226 890 His
257 854 444 891 iuvenum
476 854 713 904 quicumque
747 866 863 893 manu
895 853 1110 905 pedibusve
1142 859 1274 892 rotave

156 909 340 963 Vicerat,
371 911 574 950 aesculeae
607 911 784 963 capiebat
815 912 965 951 frondis
996 912 1209 951 honorem.

69 976 137 1008 450
157 968 339 1008 Nondum
369 969 505 1008 laurus
537 976 650 1023 erat,
682 970 876 1021 longoque
909 970 1087 1010 decentia
1120 971 1227 1009 crine

155 1026 350 1079 Tempora
382 1027 564 1079 cingebat
594 1028 642 1067 de
675 1029 849 1080 qualibet
878 1028 1018 1068 arbore
1049 1028 1254 1068 Phoebus.

214 1085 372 1125 Primus
403 1098 512 1125 amor
543 1086 692 1126 Phoebi
717 1087 877 1139 Daphne
909 1087 1077 1140 Peneia,
1109 1099 1225 1138 quem
1259 1098 1335 1125 non

157 1144 255 1184 Fors
285 1146 419 1196 ignara
451 1145 588 1198 dedit,
620 1146 687 1185 sed
720 1158 830 1185 saeva
863 1145 1066 1197 Cupidinis
1097 1147 1177 1184 ira.

156 1202 290 1242 Delius
321 1203 426 1242 hunc
459 1216 585 1255 nuper
604 1235 615 1256 ‚
646 1206 748 1243 victo
781 1210 965 1256 serpente
998 1203 1217 1256 superbus,

69 1270 136 1301 455
157 1261 316 1300 Viderat
346 1262 514 1301 adducto
546 1262 770 1302 flectentem
803 1275 950 1302 cornua
982 1275 1126 1315 nervo,

159 1317 292 1366 ‘Quid'
324 1333 401 1372 que
435 1318 521 1360 ‘tibi
539 1352 551 1373 ‚
582 1321 723 1360 lascive
755 1333 855 1373 puer
873 1352 885 1374 ‚
916 1333 1007 1360 cum
1027 1321 1195 1360 fortibus
1216 1322 1333 1360 armis
1346 1317 1380 1361 Τ

158 1379 346 1431 Dixerat3
379 1376 468 1418 ‘ista
500 1379 642 1419 decent
672 1392 831 1419 umeros
862 1381 1075 1431 gestamina
1108 1386 1289 1431 nostros,

158 1437 235 1484 Qui
266 1437 359 1476 dare
391 1443 501 1477 certa
532 1439 636 1477 ferae
655 1470 667 1491 ‚
698 1438 791 1477 dare
822 1438 983 1477 vulnera
1015 1450 1226 1490 possumus
1257 1438 1383 1490 hosti,

159 1496 235 1542 Qui
266 1495 382 1535 modo
413 1497 601 1548 pestifero
634 1503 693 1536 tot
722 1499 858 1548 iugera
889 1503 1026 1536 ventre
1058 1502 1302 1548 prementem

71 1563 139 1595 460
160 1555 376 1594 Stravimus
407 1557 626 1594 innumeris
658 1556 853 1595 tumidum
883 1555 1059 1607 Pythona
1092 1557 1265 1607 sagittis.

158 1613 218 1653 Tu
250 1614 334 1653 face
366 1615 499 1653 nescio
532 1626 631 1665 quos
664 1620 747 1654 esto
780 1620 988 1654 contentus
1020 1626 1173 1653 amores

159 1672 346 1723 Indagare
378 1678 444 1712 tua
463 1704 475 1725 ,
506 1685 579 1712 nec
610 1673 745 1713 laudes
776 1685 909 1712 assere
941 1679 1097 1712 nostras
1112 1670 1137 1711 .’

159 1731 281 1770 Filius
312 1730 405 1770 huic
436 1730 600 1770 Veneris
632 1729 743 1783 ‘ligat
773 1737 866 1771 tuus
897 1733 1026 1770 omnia
1045 1763 1055 1783 ‚
1086 1730 1267 1783 Phoebe,

159 1789 215 1828 Te
246 1801 358 1829 meus
384 1801 499 1829 arcus
519 1787 544 1842 ;’
577 1792 631 1829 ait
663 1788 903 1842 ‘quantoque
935 1789 1112 1828 animalia
1138 1789 1284 1828 cedunt

73 1855 140 1888 465
161 1847 312 1888 Cuncta
343 1848 417 1887 deo
436 1880 447 1901 ,
479 1854 586 1888 tanto
619 1850 748 1888 minor
779 1855 840 1888 est
871 1855 936 1888 tua
968 1848 1090 1899 gloria
1122 1854 1256 1887 nostra
1271 1845 1295 1887 .'

159 1906 293 1959 Dixit,
325 1913 364 1946 et
396 1907 491 1946 eliso
522 1909 723 1959 percussis
755 1911 844 1947 aere
875 1909 1015 1959 pennis

159 1965 328 2017 Impiger
360 1965 545 2005 umbrosa
575 1966 737 2005 Parnasi
769 1967 946 2005 constitit
976 1977 1065 2004 arce

159 2023 270 2075 Eque
303 2025 518 2076 sagittifera
548 2027 743 2077 prompsit
773 2024 850 2063 duo
883 2023 958 2063 tela
988 2023 1172 2076 pharetra

161 2081 414 2122 Diversorum
445 2096 640 2136 operum3
672 2084 779 2134 sugat
809 2083 883 2121 hoc
901 2114 913 2135 ,
944 2083 1036 2122 facit
1067 2082 1161 2122 illud
1188 2095 1381 2122 amorem.

73 2149 141 2181 470
162 2140 274 2187 Quod
307 2141 429 2194 facit,
460 2141 657 2181 hamatum
691 2148 751 2181 est
782 2147 822 2180 et
853 2141 1014 2193 cuspide
1047 2141 1169 2193 fulget
1201 2148 1336 2181 acuta:

162 2199 275 2246 Quod
315 2201 451 2253 fugat,
490 2200 675 2240 obtusum
715 2206 775 2239 est
817 2206 856 2240 et
898 2200 1016 2240 habet
1053 2200 1127 2239 sub
1164 2200 1381 2239 harundine

161 2257 245 2297 Hoc
265 2258 363 2298 deus
382 2261 423 2298 in
444 2259 611 2311 nympha
630 2259 800 2298 Peneide
821 2259 926 2311 fixit3
947 2266 985 2298 at
1004 2258 1068 2298 illo
1138 2258 1381 2311 [plumbum.

161 2316 294 2357 Laesit
323 2318 544 2370 Apollineas
576 2320 736 2358 traiecta
766 2330 838 2369 per
870 2330 958 2357 ossa
989 2317 1199 2357 medullas.
