<?xml version="1.0" encoding="UTF-8"?>
<!DOCTYPE html PUBLIC "-//W3C//DTD XHTML 1.0 Transitional//EN"
    "http://www.w3.org/TR/xhtml1/DTD/xhtml1-transitional.dtd">
<html xmlns="http://www.w3.org/1999/xhtml" xml:lang="en" lang="en">
 <head>
  <title>
</title>
<meta http-equiv="Content-Type" content="text/html;charset=utf-8" />
  <meta name='ocr-system' content='tesseract 3.04.00' />
  <meta name='ocr-capabilities' content='ocr_page ocr_carea ocr_par ocr_line ocrx_word'/>
</head>
<body>
  <div class='ocr_page' id='page_1' title='image "./ovidopera02oviduoft_0012.png"; bbox 0 0 1440 2506; ppageno 0'>
   <div class='ocr_carea' id='block_1_1' title="bbox 63 101 111 137">
    <p class='ocr_par' dir='ltr' id='par_1_1' title="bbox 63 101 111 137">
     <span class='ocr_line' id='line_1_1' title="bbox 63 101 111 137; baseline 0 0"><span class='ocrx_word' id='word_1_1' title='bbox 63 101 111 137; x_wconf 74' lang='lat' dir='ltr'>VI</span> 
     </span>
    </p>
   </div>
   <div class='ocr_carea' id='block_1_2' title="bbox 58 205 1406 2358">
    <p class='ocr_par' dir='ltr' id='par_1_2' title="bbox 61 205 1406 1311">
     <span class='ocr_line' id='line_1_2' title="bbox 65 205 1398 262; baseline -0.005 -12"><span class='ocrx_word' id='word_1_2' title='bbox 65 211 258 262; x_wconf 84' lang='lat' dir='ltr'>posterior</span> <span class='ocrx_word' id='word_1_3' title='bbox 294 210 370 248; x_wconf 87' lang='lat' dir='ltr'>fuit</span> <span class='ocrx_word' id='word_1_4' title='bbox 408 209 552 248; x_wconf 84' lang='lat' dir='ltr'>eruditi</span> <span class='ocrx_word' id='word_1_5' title='bbox 589 207 856 258; x_wconf 82' lang='lat' dir='ltr'>grammatici,</span> <span class='ocrx_word' id='word_1_6' title='bbox 894 207 960 256; x_wconf 81' lang='lat' dir='ltr'>qui</span> <span class='ocrx_word' id='word_1_7' title='bbox 991 208 1127 245; x_wconf 88' lang='lat' dir='ltr'>nosset</span> <span class='ocrx_word' id='word_1_8' title='bbox 1158 205 1398 245; x_wconf 86' lang='lat' dir='ltr'>locutionem</span> 
     </span>
     <span class='ocr_line' id='line_1_3' title="bbox 65 265 1396 317; baseline -0.005 -8"><span class='ocrx_word' id='word_1_9' title='bbox 65 271 296 310; x_wconf 70' lang='lat' dir='ltr'>Ovidianam</span> <span class='ocrx_word' id='word_1_10' title='bbox 341 270 490 317; x_wconf 58' lang='lat' dir='ltr'>zat-sic,</span> <span class='ocrx_word' id='word_1_11' title='bbox 539 270 579 305; x_wconf 89' lang='lat' dir='ltr'>et</span> <span class='ocrx_word' id='word_1_12' title='bbox 623 279 785 305; x_wconf 81' lang='lat' dir='ltr'>acumen</span> <span class='ocrx_word' id='word_1_13' title='bbox 830 266 973 304; x_wconf 84' lang='lat' dir='ltr'>addere</span> <span class='ocrx_word' id='word_1_14' title='bbox 1016 266 1154 314; x_wconf 87' lang='lat' dir='ltr'>vellet,</span> <span class='ocrx_word' id='word_1_15' title='bbox 1205 265 1275 304; x_wconf 88' lang='lat' dir='ltr'>sed</span> <span class='ocrx_word' id='word_1_16' title='bbox 1317 277 1396 303; x_wconf 90' lang='lat' dir='ltr'>non</span> 
     </span>
     <span class='ocr_line' id='line_1_4' title="bbox 65 324 1396 376; baseline -0.005 -9"><span class='ocrx_word' id='word_1_17' title='bbox 65 329 235 367; x_wconf 79' lang='lat' dir='ltr'>attendit</span> <span class='ocrx_word' id='word_1_18' title='bbox 267 328 315 365; x_wconf 84' lang='lat' dir='ltr'>ad</span> <span class='ocrx_word' id='word_1_19' title='bbox 342 327 392 376; x_wconf 88' lang='lat' dir='ltr'>id,</span> <span class='ocrx_word' id='word_1_20' title='bbox 426 326 526 376; x_wconf 83' lang='lat' dir='ltr'>quod</span> <span class='ocrx_word' id='word_1_21' title='bbox 562 326 685 374; x_wconf 79' lang='lat' dir='ltr'>adest,</span> <span class='ocrx_word' id='word_1_22' title='bbox 718 326 750 362; x_wconf 80' lang='lat' dir='ltr'>si</span> <span class='ocrx_word' id='word_1_23' title='bbox 782 328 863 362; x_wconf 76' lang='lat' dir='ltr'>erat</span> <span class='ocrx_word' id='word_1_24' title='bbox 894 337 982 362; x_wconf 88' lang='lat' dir='ltr'>cum</span> <span class='ocrx_word' id='word_1_25' title='bbox 1014 324 1193 372; x_wconf 83' lang='lat' dir='ltr'>emphasi</span> <span class='ocrx_word' id='word_1_26' title='bbox 1223 324 1396 374; x_wconf 81' lang='lat' dir='ltr'>legatur,</span> 
     </span>
     <span class='ocr_line' id='line_1_5' title="bbox 67 381 1395 437; baseline -0.005 -12"><span class='ocrx_word' id='word_1_27' title='bbox 67 384 317 437; x_wconf 70' lang='lat' dir='ltr'>‘quamquam</span> <span class='ocrx_word' id='word_1_28' title='bbox 355 386 519 423; x_wconf 80' lang='lat' dir='ltr'>aderant</span> <span class='ocrx_word' id='word_1_29' title='bbox 557 384 702 434; x_wconf 79' lang='lat' dir='ltr'>omnia,</span> <span class='ocrx_word' id='word_1_30' title='bbox 742 387 876 421; x_wconf 86' lang='lat' dir='ltr'>tamen</span> <span class='ocrx_word' id='word_1_31' title='bbox 914 383 1071 432; x_wconf 82' lang='lat' dir='ltr'>singula</span> <span class='ocrx_word' id='word_1_32' title='bbox 1107 382 1281 420; x_wconf 78' lang='lat' dir='ltr'>numeris</span> <span class='ocrx_word' id='word_1_33' title='bbox 1315 381 1395 420; x_wconf 84' lang='lat' dir='ltr'>suis</span> 
     </span>
     <span class='ocr_line' id='line_1_6' title="bbox 66 439 1398 483; baseline -0.004 0"><span class='ocrx_word' id='word_1_34' title='bbox 66 457 201 483; x_wconf 85' lang='lat' dir='ltr'>manca</span> <span class='ocrx_word' id='word_1_35' title='bbox 233 439 372 483; x_wconf 82' lang='lat' dir='ltr'>erant&#39;.</span> <span class='ocrx_word' id='word_1_36' title='bbox 422 443 540 481; x_wconf 79' lang='lat' dir='ltr'>simili</span> <span class='ocrx_word' id='word_1_37' title='bbox 572 443 687 480; x_wconf 88' lang='lat' dir='ltr'>modo</span> <span class='ocrx_word' id='word_1_38' title='bbox 719 442 963 480; x_wconf 85' lang='lat' dir='ltr'>intellectum</span> <span class='ocrx_word' id='word_1_39' title='bbox 994 453 1072 479; x_wconf 90' lang='lat' dir='ltr'>non</span> <span class='ocrx_word' id='word_1_40' title='bbox 1104 442 1164 479; x_wconf 88' lang='lat' dir='ltr'>est</span> <span class='ocrx_word' id='word_1_41' title='bbox 1195 452 1348 479; x_wconf 87' lang='lat' dir='ltr'>comma</span> <span class='ocrx_word' id='word_1_42' title='bbox 1373 452 1398 478; x_wconf 88' lang='grc'>0</span> 
     </span>
     <span class='ocr_line' id='line_1_7' title="bbox 65 498 1397 552; baseline -0.004 -11"><span class='ocrx_word' id='word_1_43' title='bbox 65 516 125 542; x_wconf 90' lang='grc'><strong>1110</strong></span> <span class='ocrx_word' id='word_1_44' title='bbox 181 503 332 552; x_wconf 79' lang='lat' dir='ltr'>pridem</span> <span class='ocrx_word' id='word_1_45' title='bbox 382 502 553 551; x_wconf 82' lang='lat' dir='ltr'>positum</span> <span class='ocrx_word' id='word_1_46' title='bbox 602 515 637 539; x_wconf 82' lang='lat' dir='ltr'>v.</span> <span class='ocrx_word' id='word_1_47' title='bbox 672 501 725 538; x_wconf 83' lang='lat'>20</span> <span class='ocrx_word' id='word_1_48' title='bbox 775 503 865 549; x_wconf 88' lang='lat' dir='ltr'>post</span> <span class='ocrx_word' id='word_1_49' title='bbox 913 501 1104 548; x_wconf 49' lang='lat' dir='ltr'>pondera·</span> <span class='ocrx_word' id='word_1_50' title='bbox 1153 498 1397 548; x_wconf 88' lang='lat' dir='ltr'>praecipitur</span> 
     </span>
     <span class='ocr_line' id='line_1_8' title="bbox 65 557 1397 611; baseline -0.003 -11"><span class='ocrx_word' id='word_1_51' title='bbox 65 563 290 611; x_wconf 74' lang='lat' dir='ltr'>etiamnum,</span> <span class='ocrx_word' id='word_1_52' title='bbox 322 562 401 600; x_wconf 75' lang='lat' dir='ltr'>sine</span> <span class='ocrx_word' id='word_1_53' title='bbox 424 561 594 608; x_wconf 75' lang='lat' dir='ltr'>pondere</span> <span class='ocrx_word' id='word_1_54' title='bbox 625 571 711 597; x_wconf 82' lang='lat' dir='ltr'>esse</span> <span class='ocrx_word' id='word_1_55' title='bbox 742 572 813 608; x_wconf 88' lang='lat' dir='ltr'>pro</span> <span class='ocrx_word' id='word_1_56' title='bbox 846 559 992 607; x_wconf 86' lang='lat' dir='ltr'>dativo,</span> <span class='ocrx_word' id='word_1_57' title='bbox 1025 558 1129 607; x_wconf 83' lang='lat' dir='ltr'>quod</span> <span class='ocrx_word' id='word_1_58' title='bbox 1160 558 1258 597; x_wconf 82' lang='lat' dir='ltr'>satis</span> <span class='ocrx_word' id='word_1_59' title='bbox 1284 557 1397 596; x_wconf 86' lang='lat' dir='ltr'>abso-</span> 
     </span>
     <span class='ocr_line' id='line_1_9' title="bbox 65 617 1398 669; baseline -0.003 -11"><span class='ocrx_word' id='word_1_60' title='bbox 65 633 167 658; x_wconf 85' lang='lat' dir='ltr'>num.</span> <span class='ocrx_word' id='word_1_61' title='bbox 223 633 293 669; x_wconf 82' lang='lat' dir='ltr'>pro</span> <span class='ocrx_word' id='word_1_62' title='bbox 331 619 590 665; x_wconf 83' lang='lat' dir='ltr'>nominativo,</span> <span class='ocrx_word' id='word_1_63' title='bbox 635 618 778 655; x_wconf 85' lang='lat' dir='ltr'>omisso</span> <span class='ocrx_word' id='word_1_64' title='bbox 824 618 954 666; x_wconf 83' lang='lat' dir='ltr'>aliquo</span> <span class='ocrx_word' id='word_1_65' title='bbox 995 617 1221 666; x_wconf 79' lang='lat' dir='ltr'>participio,</span> <span class='ocrx_word' id='word_1_66' title='bbox 1261 618 1398 666; x_wconf 83' lang='lat' dir='ltr'>potest</span> 
     </span>
     <span class='ocr_line' id='line_1_10' title="bbox 65 674 1406 727; baseline -0.003 -11"><span class='ocrx_word' id='word_1_67' title='bbox 65 691 162 727; x_wconf 85' lang='lat' dir='ltr'>esse,</span> <span class='ocrx_word' id='word_1_68' title='bbox 193 681 238 716; x_wconf 88' lang='lat' dir='ltr'>ut</span> <span class='ocrx_word' id='word_1_69' title='bbox 270 686 317 715; x_wconf 82' lang='lat' dir='ltr'>IX</span> <span class='ocrx_word' id='word_1_70' title='bbox 339 679 439 727; x_wconf 79' lang='lat'>6393</span> <span class='ocrx_word' id='word_1_71' title='bbox 471 680 589 727; x_wconf 86' lang='lat' dir='ltr'>poeta</span> <span class='ocrx_word' id='word_1_72' title='bbox 615 678 769 715; x_wconf 70' lang='lat' dir='ltr'>variare</span> <span class='ocrx_word' id='word_1_73' title='bbox 794 676 921 714; x_wconf 84' lang='lat' dir='ltr'>voluit</span> <span class='ocrx_word' id='word_1_74' title='bbox 947 678 1179 722; x_wconf 74' lang='lat' dir='ltr'><strong>structuras,</strong></span> <span class='ocrx_word' id='word_1_75' title='bbox 1211 675 1272 714; x_wconf 89' lang='lat' dir='ltr'>uti</span> <span class='ocrx_word' id='word_1_76' title='bbox 1301 674 1406 713; x_wconf 77' lang='lat' dir='ltr'>fecit-</span> 
     </span>
     <span class='ocr_line' id='line_1_11' title="bbox 64 729 1396 785; baseline -0.003 -10"><span class='ocrx_word' id='word_1_77' title='bbox 64 747 92 775; x_wconf 88' lang='lat' dir='ltr'>V</span> <span class='ocrx_word' id='word_1_78' title='bbox 114 737 194 775; x_wconf 76' lang='lat'>546</span> <span class='ocrx_word' id='word_1_79' title='bbox 228 738 269 774; x_wconf 72' lang='lat' dir='ltr'>in</span> <span class='ocrx_word' id='word_1_80' title='bbox 301 737 385 779; x_wconf 79' lang='lat' dir='ltr'>alis,</span> <span class='ocrx_word' id='word_1_81' title='bbox 416 738 458 774; x_wconf 73' lang='lat' dir='ltr'>in</span> <span class='ocrx_word' id='word_1_82' title='bbox 489 738 612 783; x_wconf 69' lang='lat' dir='ltr'>caput,</span> <span class='ocrx_word' id='word_1_83' title='bbox 643 746 787 783; x_wconf 70' lang='lat' dir='ltr'>unques</span> <span class='ocrx_word' id='word_1_84' title='bbox 819 729 905 785; x_wconf 81' lang='lat' dir='ltr'>(qui</span> <span class='ocrx_word' id='word_1_85' title='bbox 937 738 998 772; x_wconf 87' lang='lat' dir='ltr'>est</span> <span class='ocrx_word' id='word_1_86' title='bbox 1029 734 1279 772; x_wconf 74' lang='lat' dir='ltr'>aecusativus</span> <span class='ocrx_word' id='word_1_87' title='bbox 1311 733 1396 772; x_wconf 88' lang='lat' dir='ltr'>eius</span> 
     </span>
     <span class='ocr_line' id='line_1_12' title="bbox 64 789 1398 844; baseline -0.002 -11"><span class='ocrx_word' id='word_1_88' title='bbox 64 796 167 833; x_wconf 89' lang='lat' dir='ltr'>modi</span> <span class='ocrx_word' id='word_1_89' title='bbox 199 797 243 832; x_wconf 85' lang='lat' dir='ltr'>ut</span> <span class='ocrx_word' id='word_1_90' title='bbox 274 803 339 832; x_wconf 89' lang='lat' dir='ltr'>V11</span> <span class='ocrx_word' id='word_1_91' title='bbox 362 795 442 833; x_wconf 83' lang='lat'>183</span> <span class='ocrx_word' id='word_1_92' title='bbox 478 806 573 843; x_wconf 83' lang='lat' dir='ltr'>quos</span> <span class='ocrx_word' id='word_1_93' title='bbox 599 789 764 844; x_wconf 78' lang='lat' dir='ltr'>notavi),</span> <span class='ocrx_word' id='word_1_94' title='bbox 797 801 863 831; x_wconf 84' lang='lat' dir='ltr'>vn</span> <span class='ocrx_word' id='word_1_95' title='bbox 884 794 938 830; x_wconf 86' lang='lat'>43</span> <span class='ocrx_word' id='word_1_96' title='bbox 970 793 1097 830; x_wconf 78' lang='lat' dir='ltr'>vultus</span> <span class='ocrx_word' id='word_1_97' title='bbox 1122 794 1164 831; x_wconf 75' lang='lat' dir='ltr'>in</span> <span class='ocrx_word' id='word_1_98' title='bbox 1190 793 1269 836; x_wconf 71' lang='lat' dir='ltr'>illo,</span> <span class='ocrx_word' id='word_1_99' title='bbox 1293 793 1398 831; x_wconf 71' lang='lat' dir='ltr'>nobi-</span> 
     </span>
     <span class='ocr_line' id='line_1_13' title="bbox 64 848 1398 901; baseline -0.003 -9"><span class='ocrx_word' id='word_1_100' title='bbox 64 855 151 893; x_wconf 71' lang='lat' dir='ltr'>litas</span> <span class='ocrx_word' id='word_1_101' title='bbox 176 855 316 897; x_wconf 74' lang='lat' dir='ltr'>animo,</span> <span class='ocrx_word' id='word_1_102' title='bbox 344 854 474 901; x_wconf 52' lang='lat' dir='ltr'>,qratia</span> <span class='ocrx_word' id='word_1_103' title='bbox 498 854 656 900; x_wconf 83' lang='lat' dir='ltr'>formae.</span> <span class='ocrx_word' id='word_1_104' title='bbox 777 848 832 889; x_wconf 86' lang='lat'>36</span> <span class='ocrx_word' id='word_1_105' title='bbox 860 859 1012 889; x_wconf 79' lang='lat' dir='ltr'>FRETA</span> <span class='ocrx_word' id='word_1_106' title='bbox 1044 858 1287 891; x_wconf 80' lang='lat' dir='ltr'><strong>DIFFUNDI.</strong></span> <span class='ocrx_word' id='word_1_107' title='bbox 1323 850 1398 889; x_wconf 89' lang='grc' dir='ltr'>11οο</span> 
     </span>
     <span class='ocr_line' id='line_1_14' title="bbox 63 909 1399 961; baseline -0.003 -10"><span class='ocrx_word' id='word_1_108' title='bbox 63 913 216 952; x_wconf 86' lang='grc'><strong>10010110</strong></span> <span class='ocrx_word' id='word_1_109' title='bbox 253 912 398 961; x_wconf 81' lang='lat' dir='ltr'>partim</span> <span class='ocrx_word' id='word_1_110' title='bbox 436 923 482 948; x_wconf 84' lang='lat' dir='ltr'>ex</span> <span class='ocrx_word' id='word_1_111' title='bbox 512 910 628 949; x_wconf 87' lang='lat' dir='ltr'>Bern.</span> <span class='ocrx_word' id='word_1_112' title='bbox 660 910 852 959; x_wconf 80' lang='lat' dir='ltr'>dederim,</span> <span class='ocrx_word' id='word_1_113' title='bbox 889 910 1079 959; x_wconf 76' lang='lat' dir='ltr'>pendebit</span> <span class='ocrx_word' id='word_1_114' title='bbox 1115 921 1162 948; x_wconf 83' lang='lat' dir='ltr'>ex</span> <span class='ocrx_word' id='word_1_115' title='bbox 1197 909 1399 948; x_wconf 79' lang='lat' dir='ltr'>Lactantii</span> 
     </span>
     <span class='ocr_line' id='line_1_15' title="bbox 63 967 1397 1020; baseline -0.002 -11"><span class='ocrx_word' id='word_1_116' title='bbox 63 970 193 1010; x_wconf 88' lang='lat' dir='ltr'>codice</span> <span class='ocrx_word' id='word_1_117' title='bbox 217 970 466 1020; x_wconf 80' lang='lat' dir='ltr'>Bononiensi,</span> <span class='ocrx_word' id='word_1_118' title='bbox 498 981 614 1019; x_wconf 88' lang='lat' dir='ltr'>quem</span> <span class='ocrx_word' id='word_1_119' title='bbox 645 969 762 1007; x_wconf 86' lang='lat' dir='ltr'>nimis</span> <span class='ocrx_word' id='word_1_120' title='bbox 795 969 923 1007; x_wconf 85' lang='lat' dir='ltr'>obiter</span> <span class='ocrx_word' id='word_1_121' title='bbox 953 968 1122 1007; x_wconf 82' lang='lat' dir='ltr'>versavi.</span> <span class='ocrx_word' id='word_1_122' title='bbox 1171 979 1264 1007; x_wconf 84' lang='lat' dir='ltr'>nam</span> <span class='ocrx_word' id='word_1_123' title='bbox 1295 967 1397 1007; x_wconf 88' lang='lat' dir='ltr'>eius-</span> 
     </span>
     <span class='ocr_line' id='line_1_16' title="bbox 63 1026 1397 1078; baseline -0.002 -11"><span class='ocrx_word' id='word_1_124' title='bbox 63 1030 151 1068; x_wconf 86' lang='lat' dir='ltr'>dem</span> <span class='ocrx_word' id='word_1_125' title='bbox 175 1028 371 1067; x_wconf 83' lang='lat' dir='ltr'>Lactantii</span> <span class='ocrx_word' id='word_1_126' title='bbox 403 1030 443 1066; x_wconf 90' lang='lat' dir='ltr'>et</span> <span class='ocrx_word' id='word_1_127' title='bbox 469 1028 550 1066; x_wconf 84' lang='lat' dir='ltr'>cod.</span> <span class='ocrx_word' id='word_1_128' title='bbox 575 1027 787 1066; x_wconf 86' lang='lat' dir='ltr'>Bernensis</span> <span class='ocrx_word' id='word_1_129' title='bbox 813 1041 848 1066; x_wconf 86' lang='lat' dir='ltr'>v.</span> <span class='ocrx_word' id='word_1_130' title='bbox 871 1028 952 1066; x_wconf 88' lang='grc'>173</span> <span class='ocrx_word' id='word_1_131' title='bbox 987 1027 1131 1066; x_wconf 88' lang='lat' dir='ltr'>dicitur</span> <span class='ocrx_word' id='word_1_132' title='bbox 1162 1039 1260 1078; x_wconf 87' lang='lat' dir='ltr'>esse,</span> <span class='ocrx_word' id='word_1_133' title='bbox 1292 1026 1397 1077; x_wconf 86' lang='lat' dir='ltr'>quod</span> 
     </span>
     <span class='ocr_line' id='line_1_17' title="bbox 63 1085 1397 1136; baseline -0.001 -11"><span class='ocrx_word' id='word_1_134' title='bbox 63 1088 170 1136; x_wconf 86' lang='lat' dir='ltr'>dedi,</span> <span class='ocrx_word' id='word_1_135' title='bbox 202 1087 281 1125; x_wconf 75' lang='lat' dir='ltr'>hac.</span> <span class='ocrx_word' id='word_1_136' title='bbox 342 1099 367 1125; x_wconf 85' lang='lat' dir='ltr'><em>a</em></span> <span class='ocrx_word' id='word_1_137' title='bbox 396 1087 520 1134; x_wconf 77' lang='lat' dir='ltr'>fronte</span> <span class='ocrx_word' id='word_1_138' title='bbox 549 1098 626 1124; x_wconf 92' lang='lat' dir='ltr'>non</span> <span class='ocrx_word' id='word_1_139' title='bbox 656 1088 790 1136; x_wconf 89' lang='lat' dir='ltr'>potest</span> <span class='ocrx_word' id='word_1_140' title='bbox 821 1086 964 1135; x_wconf 83' lang='lat' dir='ltr'>opponi</span> <span class='ocrx_word' id='word_1_141' title='bbox 995 1087 1156 1125; x_wconf 76' lang='lat' dir='ltr'>diversis</span> <span class='ocrx_word' id='word_1_142' title='bbox 1187 1087 1294 1134; x_wconf 76' lang='lat' dir='ltr'>locis,</span> <span class='ocrx_word' id='word_1_143' title='bbox 1319 1085 1397 1125; x_wconf 86' lang='lat' dir='ltr'>nisi</span> 
     </span>
     <span class='ocr_line' id='line_1_18' title="bbox 62 1144 1397 1195; baseline -0.001 -11"><span class='ocrx_word' id='word_1_144' title='bbox 62 1147 231 1194; x_wconf 86' lang='lat' dir='ltr'>dicatur,</span> <span class='ocrx_word' id='word_1_145' title='bbox 275 1158 375 1195; x_wconf 88' lang='lat' dir='ltr'>quae</span> <span class='ocrx_word' id='word_1_146' title='bbox 418 1157 465 1182; x_wconf 91' lang='lat' dir='ltr'>ea</span> <span class='ocrx_word' id='word_1_147' title='bbox 505 1145 615 1183; x_wconf 80' lang='lat' dir='ltr'>frons</span> <span class='ocrx_word' id='word_1_148' title='bbox 657 1145 721 1183; x_wconf 86' lang='lat' dir='ltr'>sit.</span> <span class='ocrx_word' id='word_1_149' title='bbox 782 1144 947 1194; x_wconf 84' lang='lat' dir='ltr'>attingit</span> <span class='ocrx_word' id='word_1_150' title='bbox 989 1145 1063 1183; x_wconf 88' lang='lat' dir='ltr'>hoc</span> <span class='ocrx_word' id='word_1_151' title='bbox 1107 1144 1158 1183; x_wconf 84' lang='lat' dir='ltr'>ad</span> <span class='ocrx_word' id='word_1_152' title='bbox 1200 1145 1397 1194; x_wconf 83' lang='lat' dir='ltr'>quaestio-</span> 
     </span>
     <span class='ocr_line' id='line_1_19' title="bbox 61 1202 1396 1253; baseline 0 -11"><span class='ocrx_word' id='word_1_153' title='bbox 61 1217 149 1242; x_wconf 89' lang='lat' dir='ltr'>nem</span> <span class='ocrx_word' id='word_1_154' title='bbox 186 1204 297 1241; x_wconf 84' lang='lat' dir='ltr'>illam</span> <span class='ocrx_word' id='word_1_155' title='bbox 334 1202 608 1241; x_wconf 85' lang='lat' dir='ltr'>difficillimam</span> <span class='ocrx_word' id='word_1_156' title='bbox 644 1203 973 1253; x_wconf 81' lang='lat' dir='ltr'>topographieam</span> <span class='ocrx_word' id='word_1_157' title='bbox 1010 1202 1058 1241; x_wconf 87' lang='lat' dir='ltr'>de</span> <span class='ocrx_word' id='word_1_158' title='bbox 1101 1202 1213 1241; x_wconf 87' lang='lat' dir='ltr'>aditu</span> <span class='ocrx_word' id='word_1_159' title='bbox 1248 1203 1396 1242; x_wconf 86' lang='lat' dir='ltr'>montis</span> 
     </span>
     <span class='ocr_line' id='line_1_20' title="bbox 61 1261 1396 1311; baseline 0 -10"><span class='ocrx_word' id='word_1_160' title='bbox 61 1262 250 1301; x_wconf 73' lang='lat' dir='ltr'>Palatini:</span> <span class='ocrx_word' id='word_1_161' title='bbox 282 1262 390 1310; x_wconf 77' lang='lat' dir='ltr'>frons</span> <span class='ocrx_word' id='word_1_162' title='bbox 407 1261 564 1305; x_wconf 65' lang='lat' dir='ltr'>Palatii,</span> <span class='ocrx_word' id='word_1_163' title='bbox 591 1261 625 1299; x_wconf 90' lang='lat' dir='ltr'>si</span> <span class='ocrx_word' id='word_1_164' title='bbox 650 1261 820 1311; x_wconf 78' lang='lat' dir='ltr'>memini,</span> <span class='ocrx_word' id='word_1_165' title='bbox 845 1263 907 1300; x_wconf 90' lang='lat' dir='ltr'>est</span> <span class='ocrx_word' id='word_1_166' title='bbox 930 1262 972 1299; x_wconf 89' lang='lat' dir='ltr'>in</span> <span class='ocrx_word' id='word_1_167' title='bbox 991 1261 1243 1301; x_wconf 79' lang='lat' dir='ltr'>Mirabilibus</span> <span class='ocrx_word' id='word_1_168' title='bbox 1262 1261 1396 1301; x_wconf 82' lang='lat' dir='ltr'>Urbis.</span> 
     </span>
    </p>

    <p class='ocr_par' dir='ltr' id='par_1_3' title="bbox 58 1316 1396 2358">
     <span class='ocr_line' id='line_1_21' title="bbox 211 1316 1396 1369; baseline 0.002 -11"><span class='ocrx_word' id='word_1_169' title='bbox 211 1316 293 1358; x_wconf 88' lang='grc'>190</span> <span class='ocrx_word' id='word_1_170' title='bbox 324 1326 664 1359; x_wconf 82' lang='lat' dir='ltr'><strong>INMEDICABILE</strong></span> <span class='ocrx_word' id='word_1_171' title='bbox 697 1327 830 1358; x_wconf 72' lang='lat' dir='ltr'>CURA.</span> <span class='ocrx_word' id='word_1_172' title='bbox 880 1331 1016 1369; x_wconf 74' lang='lat' dir='ltr'>corpus</span> <span class='ocrx_word' id='word_1_173' title='bbox 1057 1320 1151 1358; x_wconf 88' lang='lat' dir='ltr'>libri</span> <span class='ocrx_word' id='word_1_174' title='bbox 1192 1321 1396 1360; x_wconf 84' lang='lat' dir='ltr'>meliores:</span> 
     </span>
     <span class='ocr_line' id='line_1_22' title="bbox 60 1378 1395 1428; baseline 0.001 -10"><span class='ocrx_word' id='word_1_175' title='bbox 60 1379 199 1418; x_wconf 58' lang='lat' dir='ltr'>vulnus</span> <span class='ocrx_word' id='word_1_176' title='bbox 223 1378 465 1428; x_wconf 85' lang='lat' dir='ltr'>interpolati,</span> <span class='ocrx_word' id='word_1_177' title='bbox 491 1380 536 1417; x_wconf 85' lang='lat' dir='ltr'>ut</span> <span class='ocrx_word' id='word_1_178' title='bbox 562 1387 596 1417; x_wconf 90' lang='lat'>11</span> <span class='ocrx_word' id='word_1_179' title='bbox 618 1379 703 1417; x_wconf 88' lang='lat'>606</span> <span class='ocrx_word' id='word_1_180' title='bbox 725 1381 768 1417; x_wconf 80' lang='lat' dir='ltr'>et</span> <span class='ocrx_word' id='word_1_181' title='bbox 793 1379 962 1428; x_wconf 88' lang='lat' dir='ltr'>saepius.</span> <span class='ocrx_word' id='word_1_182' title='bbox 1010 1379 1152 1418; x_wconf 83' lang='lat' dir='ltr'>vitium</span> <span class='ocrx_word' id='word_1_183' title='bbox 1171 1379 1256 1418; x_wconf 84' lang='lat' dir='ltr'>sine</span> <span class='ocrx_word' id='word_1_184' title='bbox 1275 1379 1395 1420; x_wconf 88' lang='lat' dir='ltr'>dubio</span> 
     </span>
     <span class='ocr_line' id='line_1_23' title="bbox 61 1437 1396 1490; baseline 0.001 -14"><span class='ocrx_word' id='word_1_185' title='bbox 61 1438 339 1483; x_wconf 78' lang='lat' dir='ltr'>inveteratum,</span> <span class='ocrx_word' id='word_1_186' title='bbox 372 1437 454 1475; x_wconf 85' lang='lat' dir='ltr'>sive</span> <span class='ocrx_word' id='word_1_187' title='bbox 484 1437 632 1476; x_wconf 88' lang='lat' dir='ltr'>litteris</span> <span class='ocrx_word' id='word_1_188' title='bbox 661 1437 899 1487; x_wconf 53' lang='lat' dir='ltr'>*capitalibus</span> <span class='ocrx_word' id='word_1_189' title='bbox 932 1437 1120 1487; x_wconf 82' lang='lat' dir='ltr'>scriptum</span> <span class='ocrx_word' id='word_1_190' title='bbox 1148 1437 1227 1477; x_wconf 79' lang='lat' dir='ltr'>fuit</span> <span class='ocrx_word' id='word_1_191' title='bbox 1251 1445 1396 1490; x_wconf 74' lang='lat' dir='ltr'>GURR,</span> 
     </span>
     <span class='ocr_line' id='line_1_24' title="bbox 62 1495 1395 1546; baseline 0.002 -13"><span class='ocrx_word' id='word_1_192' title='bbox 62 1495 202 1534; x_wconf 85' lang='lat' dir='ltr'>affecta</span> <span class='ocrx_word' id='word_1_193' title='bbox 238 1497 440 1544; x_wconf 88' lang='lat' dir='ltr'>postrema</span> <span class='ocrx_word' id='word_1_194' title='bbox 469 1503 517 1545; x_wconf 80' lang='lat' dir='ltr'>A,</span> <span class='ocrx_word' id='word_1_195' title='bbox 553 1498 599 1534; x_wconf 89' lang='lat' dir='ltr'>ut</span> <span class='ocrx_word' id='word_1_196' title='bbox 634 1495 675 1533; x_wconf 85' lang='lat' dir='ltr'>in</span> <span class='ocrx_word' id='word_1_197' title='bbox 710 1495 840 1534; x_wconf 83' lang='lat' dir='ltr'>titulis</span> <span class='ocrx_word' id='word_1_198' title='bbox 877 1496 1044 1546; x_wconf 83' lang='lat' dir='ltr'>lapideis</span> <span class='ocrx_word' id='word_1_199' title='bbox 1080 1497 1232 1545; x_wconf 85' lang='lat' dir='ltr'>passim</span> <span class='ocrx_word' id='word_1_200' title='bbox 1261 1497 1395 1536; x_wconf 89' lang='lat' dir='ltr'>obser-</span> 
     </span>
     <span class='ocr_line' id='line_1_25' title="bbox 61 1554 1394 1605; baseline 0.002 -13"><span class='ocrx_word' id='word_1_201' title='bbox 61 1555 189 1603; x_wconf 87' lang='lat' dir='ltr'>vatur,</span> <span class='ocrx_word' id='word_1_202' title='bbox 221 1554 303 1592; x_wconf 84' lang='lat' dir='ltr'>sive</span> <span class='ocrx_word' id='word_1_203' title='bbox 335 1554 382 1592; x_wconf 88' lang='lat' dir='ltr'>de</span> <span class='ocrx_word' id='word_1_204' title='bbox 415 1554 612 1604; x_wconf 85' lang='lat' dir='ltr'>scriptura</span> <span class='ocrx_word' id='word_1_205' title='bbox 642 1554 907 1604; x_wconf 83' lang='lat' dir='ltr'>cogitandum,</span> <span class='ocrx_word' id='word_1_206' title='bbox 940 1555 1067 1604; x_wconf 83' lang='lat' dir='ltr'>qualis</span> <span class='ocrx_word' id='word_1_207' title='bbox 1098 1555 1141 1592; x_wconf 93' lang='lat' dir='ltr'>in</span> <span class='ocrx_word' id='word_1_208' title='bbox 1168 1556 1394 1605; x_wconf 83' lang='lat' dir='ltr'>fragm-ento</span> 
     </span>
     <span class='ocr_line' id='line_1_26' title="bbox 60 1610 1396 1663; baseline 0.002 -13"><span class='ocrx_word' id='word_1_209' title='bbox 60 1612 174 1650; x_wconf 88' lang='lat' dir='ltr'>Pont.</span> <span class='ocrx_word' id='word_1_210' title='bbox 207 1610 425 1661; x_wconf 85' lang='lat' dir='ltr'>Guelferb.,</span> <span class='ocrx_word' id='word_1_211' title='bbox 463 1614 532 1650; x_wconf 87' lang='lat' dir='ltr'>aut</span> <span class='ocrx_word' id='word_1_212' title='bbox 562 1612 683 1651; x_wconf 81' lang='lat' dir='ltr'>Plinii</span> <span class='ocrx_word' id='word_1_213' title='bbox 713 1612 950 1663; x_wconf 87' lang='lat' dir='ltr'>Veronensi;</span> <span class='ocrx_word' id='word_1_214' title='bbox 989 1613 1057 1652; x_wconf 90' lang='lat' dir='ltr'>sed</span> <span class='ocrx_word' id='word_1_215' title='bbox 1087 1614 1129 1651; x_wconf 90' lang='lat' dir='ltr'>in</span> <span class='ocrx_word' id='word_1_216' title='bbox 1159 1614 1233 1652; x_wconf 87' lang='grc'><strong>1100</strong></span> <span class='ocrx_word' id='word_1_217' title='bbox 1257 1614 1396 1653; x_wconf 87' lang='lat' dir='ltr'>malim</span> 
     </span>
     <span class='ocr_line' id='line_1_27' title="bbox 60 1669 1394 1724; baseline 0.004 -17"><span class='ocrx_word' id='word_1_218' title='bbox 60 1669 189 1708; x_wconf 86' lang='lat' dir='ltr'>redire</span> <span class='ocrx_word' id='word_1_219' title='bbox 209 1670 259 1708; x_wconf 89' lang='lat' dir='ltr'>ad</span> <span class='ocrx_word' id='word_1_220' title='bbox 279 1670 552 1720; x_wconf 81' lang='lat' dir='ltr'>compendium</span> <span class='ocrx_word' id='word_1_221' title='bbox 572 1671 675 1721; x_wconf 90' lang='lat' dir='ltr'>quod</span> <span class='ocrx_word' id='word_1_222' title='bbox 695 1673 757 1709; x_wconf 88' lang='grc'>051</span> <span class='ocrx_word' id='word_1_223' title='bbox 781 1671 965 1710; x_wconf 74' lang='lat' dir='ltr'>editionis</span> <span class='ocrx_word' id='word_1_224' title='bbox 985 1672 1202 1711; x_wconf 77' lang='lat' dir='ltr'>Moneanae</span> <span class='ocrx_word' id='word_1_225' title='bbox 1226 1686 1264 1722; x_wconf 88' lang='lat' dir='ltr'>p.</span> <span class='ocrx_word' id='word_1_226' title='bbox 1279 1674 1347 1724; x_wconf 88' lang='lat'>18,</span> <span class='ocrx_word' id='word_1_227' title='bbox 1366 1674 1394 1712; x_wconf 88' lang='grc'>4</span> 
     </span>
     <span class='ocr_line' id='line_1_28' title="bbox 60 1729 1392 1781; baseline 0.003 -15"><span class='ocrx_word' id='word_1_228' title='bbox 60 1729 100 1766; x_wconf 89' lang='grc'>111</span> <span class='ocrx_word' id='word_1_229' title='bbox 130 1734 254 1778; x_wconf 74' lang='lat' dir='ltr'>PRA0,</span> <span class='ocrx_word' id='word_1_230' title='bbox 297 1740 342 1766; x_wconf 86' lang='lat' dir='ltr'>ac</span> <span class='ocrx_word' id='word_1_231' title='bbox 385 1741 574 1778; x_wconf 84' lang='lat' dir='ltr'>reponere</span> <span class='ocrx_word' id='word_1_232' title='bbox 618 1730 879 1769; x_wconf 75' lang='lat' dir='ltr'>inmedicabile</span> <span class='ocrx_word' id='word_1_233' title='bbox 924 1737 1094 1781; x_wconf 83' lang='lat' dir='ltr'>CURAE,</span> <span class='ocrx_word' id='word_1_234' title='bbox 1142 1733 1189 1770; x_wconf 86' lang='lat' dir='ltr'>ut</span> <span class='ocrx_word' id='word_1_235' title='bbox 1231 1739 1282 1770; x_wconf 83' lang='lat' dir='ltr'>IX</span> <span class='ocrx_word' id='word_1_236' title='bbox 1308 1732 1392 1770; x_wconf 84' lang='lat'>262</span> 
     </span>
     <span class='ocr_line' id='line_1_29' title="bbox 60 1787 1396 1836; baseline 0.004 -12"><span class='ocrx_word' id='word_1_237' title='bbox 60 1787 228 1836; x_wconf 84' lang='lat' dir='ltr'>legimus</span> <span class='ocrx_word' id='word_1_238' title='bbox 264 1787 486 1835; x_wconf 74' lang='lat' dir='ltr'>populabile</span> <span class='ocrx_word' id='word_1_239' title='bbox 521 1789 710 1834; x_wconf 77' lang='lat' dir='ltr'>flammae.</span> <span class='ocrx_word' id='word_1_240' title='bbox 760 1800 856 1827; x_wconf 76' lang='lat' dir='ltr'>cura</span> <span class='ocrx_word' id='word_1_241' title='bbox 890 1791 932 1827; x_wconf 85' lang='lat' dir='ltr'>et</span> <span class='ocrx_word' id='word_1_242' title='bbox 968 1800 1105 1828; x_wconf 82' lang='lat' dir='ltr'>curare</span> <span class='ocrx_word' id='word_1_243' title='bbox 1143 1789 1296 1829; x_wconf 85' lang='lat' dir='ltr'>scilicet</span> <span class='ocrx_word' id='word_1_244' title='bbox 1332 1792 1396 1830; x_wconf 87' lang='lat' dir='ltr'>est</span> 
     </span>
     <span class='ocr_line' id='line_1_30' title="bbox 60 1843 1395 1899; baseline 0.004 -17"><span class='ocrx_word' id='word_1_245' title='bbox 60 1844 308 1883; x_wconf 79' lang='lat' dir='ltr'>medicorum.</span> <span class='ocrx_word' id='word_1_246' title='bbox 457 1843 555 1897; x_wconf 80' lang='lat'>207,</span> <span class='ocrx_word' id='word_1_247' title='bbox 593 1843 689 1885; x_wconf 84' lang='lat'>208.</span> <span class='ocrx_word' id='word_1_248' title='bbox 727 1847 798 1885; x_wconf 90' lang='lat' dir='ltr'>hos</span> <span class='ocrx_word' id='word_1_249' title='bbox 836 1859 974 1886; x_wconf 84' lang='lat' dir='ltr'>versus</span> <span class='ocrx_word' id='word_1_250' title='bbox 1016 1848 1234 1899; x_wconf 85' lang='lat' dir='ltr'>proscripsi</span> <span class='ocrx_word' id='word_1_251' title='bbox 1274 1850 1395 1899; x_wconf 77' lang='lat' dir='ltr'>atque</span> 
     </span>
     <span class='ocr_line' id='line_1_31' title="bbox 59 1900 1394 1963; baseline 0.006 -23"><span class='ocrx_word' id='word_1_252' title='bbox 59 1903 375 1952; x_wconf 76' lang='lat' dir='ltr'>interpolationis</span> <span class='ocrx_word' id='word_1_253' title='bbox 400 1905 548 1955; x_wconf 86' lang='lat' dir='ltr'>generi,</span> <span class='ocrx_word' id='word_1_254' title='bbox 575 1905 679 1954; x_wconf 91' lang='lat' dir='ltr'>quod</span> <span class='ocrx_word' id='word_1_255' title='bbox 702 1905 867 1944; x_wconf 78' lang='lat' dir='ltr'>tertium</span> <span class='ocrx_word' id='word_1_256' title='bbox 885 1906 1055 1963; x_wconf 63' lang='lat' dir='ltr'>appello,</span> <span class='ocrx_word' id='word_1_257' title='bbox 1081 1900 1280 1958; x_wconf 83' lang='grc'><strong>000011500,</strong></span> <span class='ocrx_word' id='word_1_258' title='bbox 1304 1919 1394 1947; x_wconf 82' lang='lat' dir='ltr'>cum</span> 
     </span>
     <span class='ocr_line' id='line_1_32' title="bbox 61 1961 1394 2018; baseline 0.005 -18"><span class='ocrx_word' id='word_1_259' title='bbox 61 1962 216 2000; x_wconf 78' lang='lat' dir='ltr'>saeculo</span> <span class='ocrx_word' id='word_1_260' title='bbox 249 1974 293 1999; x_wconf 90' lang='grc'>00</span> <span class='ocrx_word' id='word_1_261' title='bbox 324 1961 423 2012; x_wconf 87' lang='lat' dir='ltr'>fere,</span> <span class='ocrx_word' id='word_1_262' title='bbox 456 1976 531 2012; x_wconf 89' lang='lat' dir='ltr'>quo</span> <span class='ocrx_word' id='word_1_263' title='bbox 562 1963 793 2002; x_wconf 84' lang='lat' dir='ltr'>Ekkehardi</span> <span class='ocrx_word' id='word_1_264' title='bbox 823 1963 1070 2004; x_wconf 84' lang='lat' dir='ltr'>Waltharius</span> <span class='ocrx_word' id='word_1_265' title='bbox 1107 1965 1289 2006; x_wconf 74' lang='lat' dir='ltr'>edolatas</span> <span class='ocrx_word' id='word_1_266' title='bbox 1320 1969 1394 2018; x_wconf 80' lang='lat' dir='ltr'>est,</span> 
     </span>
     <span class='ocr_line' id='line_1_33' title="bbox 60 2020 1393 2072; baseline 0.006 -15"><span class='ocrx_word' id='word_1_267' title='bbox 60 2020 101 2057; x_wconf 87' lang='lat' dir='ltr'>in</span> <span class='ocrx_word' id='word_1_268' title='bbox 132 2020 388 2058; x_wconf 84' lang='lat' dir='ltr'>scholasticae</span> <span class='ocrx_word' id='word_1_269' title='bbox 424 2021 604 2060; x_wconf 83' lang='lat' dir='ltr'>lectionis</span> <span class='ocrx_word' id='word_1_270' title='bbox 641 2022 806 2072; x_wconf 88' lang='lat' dir='ltr'>fabulis,</span> <span class='ocrx_word' id='word_1_271' title='bbox 844 2024 981 2072; x_wconf 80' lang='lat' dir='ltr'>quales</span> <span class='ocrx_word' id='word_1_272' title='bbox 1018 2024 1149 2064; x_wconf 79' lang='lat' dir='ltr'>scriba</span> <span class='ocrx_word' id='word_1_273' title='bbox 1178 2024 1393 2065; x_wconf 80' lang='lat' dir='ltr'>Beruensis</span> 
     </span>
     <span class='ocr_line' id='line_1_34' title="bbox 61 2077 1394 2134; baseline 0.006 -19"><span class='ocrx_word' id='word_1_274' title='bbox 61 2077 214 2127; x_wconf 86' lang='lat' dir='ltr'>selegit,</span> <span class='ocrx_word' id='word_1_275' title='bbox 246 2080 316 2116; x_wconf 86' lang='lat' dir='ltr'>aut</span> <span class='ocrx_word' id='word_1_276' title='bbox 347 2078 524 2117; x_wconf 79' lang='lat' dir='ltr'>salebrae</span> <span class='ocrx_word' id='word_1_277' title='bbox 555 2080 737 2119; x_wconf 87' lang='lat' dir='ltr'>dictionis</span> <span class='ocrx_word' id='word_1_278' title='bbox 768 2081 1087 2134; x_wconf 80' lang='lat' dir='ltr'>laevigabantur‚</span> <span class='ocrx_word' id='word_1_279' title='bbox 1118 2085 1189 2122; x_wconf 89' lang='lat' dir='ltr'>aut</span> <span class='ocrx_word' id='word_1_280' title='bbox 1217 2083 1346 2123; x_wconf 85' lang='lat' dir='ltr'>multa.</span> <span class='ocrx_word' id='word_1_281' title='bbox 1369 2095 1394 2122; x_wconf 85' lang='grc'>0</span> 
     </span>
     <span class='ocr_line' id='line_1_35' title="bbox 60 2136 1394 2193; baseline 0.006 -20"><span class='ocrx_word' id='word_1_282' title='bbox 60 2136 196 2174; x_wconf 89' lang='lat' dir='ltr'>multis</span> <span class='ocrx_word' id='word_1_283' title='bbox 229 2138 331 2185; x_wconf 87' lang='lat' dir='ltr'>apte,</span> <span class='ocrx_word' id='word_1_284' title='bbox 365 2137 496 2186; x_wconf 86' lang='lat' dir='ltr'>inepte</span> <span class='ocrx_word' id='word_1_285' title='bbox 528 2139 880 2187; x_wconf 77' lang='lat' dir='ltr'>amplificabantur.</span> <span class='ocrx_word' id='word_1_286' title='bbox 925 2141 1057 2180; x_wconf 85' lang='lat' dir='ltr'>visum</span> <span class='ocrx_word' id='word_1_287' title='bbox 1087 2142 1151 2181; x_wconf 82' lang='lat' dir='ltr'>hic</span> <span class='ocrx_word' id='word_1_288' title='bbox 1180 2142 1317 2193; x_wconf 83' lang='lat' dir='ltr'>alicui,</span> <span class='ocrx_word' id='word_1_289' title='bbox 1346 2144 1394 2182; x_wconf 90' lang='lat' dir='ltr'>ut</span> 
     </span>
     <span class='ocr_line' id='line_1_36' title="bbox 60 2193 1393 2251; baseline 0.008 -20"><span class='ocrx_word' id='word_1_290' title='bbox 60 2193 181 2232; x_wconf 81' lang='lat' dir='ltr'>etiam</span> <span class='ocrx_word' id='word_1_291' title='bbox 211 2202 296 2233; x_wconf 88' lang='lat' dir='ltr'>V111</span> <span class='ocrx_word' id='word_1_292' title='bbox 319 2196 384 2245; x_wconf 86' lang='lat'>95,</span> <span class='ocrx_word' id='word_1_293' title='bbox 416 2196 551 2235; x_wconf 89' lang='lat' dir='ltr'>deesse</span> <span class='ocrx_word' id='word_1_294' title='bbox 571 2198 674 2247; x_wconf 89' lang='lat' dir='ltr'>quod</span> <span class='ocrx_word' id='word_1_295' title='bbox 693 2210 914 2238; x_wconf 87' lang='lat' dir='ltr'>sermonem</span> <span class='ocrx_word' id='word_1_296' title='bbox 943 2200 1219 2251; x_wconf 86' lang='lat' dir='ltr'>insequentem</span> <span class='ocrx_word' id='word_1_297' title='bbox 1246 2201 1393 2240; x_wconf 83' lang='lat' dir='ltr'>denun-</span> 
     </span>
     <span class='ocr_line' id='line_1_37' title="bbox 58 2252 1393 2310; baseline 0.008 -21"><span class='ocrx_word' id='word_1_298' title='bbox 58 2252 192 2291; x_wconf 86' lang='lat' dir='ltr'>ciaret.</span> <span class='ocrx_word' id='word_1_299' title='bbox 242 2253 374 2291; x_wconf 83' lang='lat' dir='ltr'>omisit</span> <span class='ocrx_word' id='word_1_300' title='bbox 411 2256 530 2302; x_wconf 77' lang='lat' dir='ltr'>poeta.</span> <span class='ocrx_word' id='word_1_301' title='bbox 559 2263 626 2294; x_wconf 83' lang='lat' dir='ltr'>XII</span> <span class='ocrx_word' id='word_1_302' title='bbox 648 2257 729 2295; x_wconf 88' lang='grc'>176</span> <span class='ocrx_word' id='word_1_303' title='bbox 764 2258 845 2296; x_wconf 84' lang='grc'>542</span> <span class='ocrx_word' id='word_1_304' title='bbox 879 2266 966 2297; x_wconf 84' lang='lat' dir='ltr'>x111</span> <span class='ocrx_word' id='word_1_305' title='bbox 990 2261 1070 2298; x_wconf 86' lang='grc'>127</span> <span class='ocrx_word' id='word_1_306' title='bbox 1104 2267 1186 2298; x_wconf 80' lang='lat' dir='ltr'>XIV</span> <span class='ocrx_word' id='word_1_307' title='bbox 1206 2260 1311 2310; x_wconf 77' lang='lat'>4643</span> <span class='ocrx_word' id='word_1_308' title='bbox 1342 2267 1393 2300; x_wconf 81' lang='lat' dir='ltr'>XI</span> 
     </span>
     <span class='ocr_line' id='line_1_38' title="bbox 58 2311 1393 2358; baseline 0.007 -10"><span class='ocrx_word' id='word_1_309' title='bbox 58 2311 142 2348; x_wconf 81' lang='lat'>622</span> <span class='ocrx_word' id='word_1_310' title='bbox 182 2318 230 2349; x_wconf 80' lang='lat' dir='ltr'>XI</span> <span class='ocrx_word' id='word_1_311' title='bbox 257 2312 338 2350; x_wconf 86' lang='lat'>389</span> <span class='ocrx_word' id='word_1_312' title='bbox 378 2320 445 2350; x_wconf 71' lang='grc' dir='ltr'>ΧΗ</span> <span class='ocrx_word' id='word_1_313' title='bbox 474 2314 553 2352; x_wconf 85' lang='grc'>182</span> <span class='ocrx_word' id='word_1_314' title='bbox 592 2322 679 2353; x_wconf 85' lang='lat' dir='ltr'>xm</span> <span class='ocrx_word' id='word_1_315' title='bbox 708 2316 803 2354; x_wconf 88' lang='grc'><strong>640.</strong></span> <span class='ocrx_word' id='word_1_316' title='bbox 975 2314 1060 2356; x_wconf 85' lang='grc'>268</span> <span class='ocrx_word' id='word_1_317' title='bbox 1092 2325 1224 2357; x_wconf 70' lang='lat' dir='ltr'>mim</span> <span class='ocrx_word' id='word_1_318' title='bbox 1254 2326 1393 2358; x_wconf 76' lang='lat' dir='ltr'><strong>LATA.</strong></span> 
     </span>
    </p>
   </div>
  </div>
 </body>
</html>
