1527 2580
530 99 563 134 X
578 127 586 143 ,
613 98 781 135 ves—XI
798 126 806 143 ,
833 103 878 134 54
893 127 900 135 .
1034 112 1186 136 om’mzns
1306 99 1389 141 217

168 209 255 250 Non
287 209 458 249 exauditi
489 208 712 249 rubuerunt
742 210 930 261 sanguine
962 211 1082 249 vatis.

104 277 149 309 20
167 269 223 308 Ac
253 270 424 320 primum
455 269 640 308 attonitas
672 269 885 308 etiamnum
916 280 1010 308 voce
1043 269 1219 308 canentis

168 327 399 367 Innumeras
430 326 611 366 volucres
643 338 868 379 anguesque
901 338 1117 379 agmenque
1150 327 1321 366 serarum

167 385 374 426 Maenades
406 384 554 437 Orphei
585 385 742 425 titulum
774 398 941 438 rapuere
972 385 1185 437 triumphi,

167 444 262 484 Inde
294 445 510 484 cruentatis
541 450 751 485 vertuntur
782 446 822 483 in
855 444 1011 497 Orphea
1043 445 1190 484 dextris

167 502 218 542 Et
249 508 394 543 coeunt
424 508 469 542 ut
498 515 588 542 aves
605 534 617 556 ,
649 505 682 542 si
714 503 869 555 quando
900 503 989 543 luce
1021 508 1222 554 vagantem

104 569 147 601 25
167 561 302 602 Noctis
335 573 444 601 avem
476 567 672 601 cernunt.
712 568 943 614 Structoque
975 564 1175 613 utrimque
1207 561 1359 601 theatro

169 619 250 660 Ceu
282 621 471 660 matutina
503 632 643 660 cervus
674 623 876 672 periturus
908 620 1054 660 harena

168 678 318 718 Praeda
355 690 497 719 canum
536 685 624 730 est,
662 685 866 731 vatemque
904 685 1045 731 petunt
1082 685 1122 719 et
1158 679 1296 718 fronde

1221 739 1394 777 virentes

169 796 379 836 Coniciunt
409 796 594 849 thyrsos,
626 808 704 836 non
735 796 831 836 haec
863 799 902 836 in
936 808 1100 836 munera
1131 797 1278 849 factos3

167 854 250 894 Hae
281 854 466 908 glaebas,
496 855 585 894 illae
618 855 792 907 direptos
825 855 964 895 arbore
996 867 1149 908 ramos,

104 921 149 953 30
168 914 264 953 Pars
296 919 484 965 torquent
515 913 672 953 silices.
711 926 789 953 neu
821 914 951 954 desint
981 913 1057 953 tela
1089 914 1237 966 furori,

167 972 286 1012 Forte
317 972 436 1011 boves
468 984 605 1024 presso
638 972 872 1024 subigebant
902 984 1060 1011 vomere
1092 977 1261 1024 terram,

166 1030 248 1070 Nec
278 1030 418 1082 procul
448 1030 540 1070 hinc
571 1030 694 1071 multo
726 1031 900 1071 fructum
932 1030 1075 1070 sudore
1106 1036 1290 1082 parantes

167 1088 274 1129 Dura
303 1089 487 1129 lacertosi
518 1089 718 1129 fodiebant
748 1102 838 1129 arva
870 1089 1021 1129 coloni.

168 1148 332 1200 Agmine
365 1149 433 1199 qui
463 1149 546 1187 viso
578 1149 763 1202 fugiunt,
795 1150 1005 1200 operisque
1036 1147 1267 1199 relinquunt

105 1213 149 1245 35
169 1207 287 1245 Arma
318 1208 407 1245 sui.
445 1218 667 1258 vacuosque
698 1209 829 1247 iacent
859 1207 1036 1258 dispersa
1066 1218 1138 1258 per
1170 1218 1283 1257 agros

170 1264 409 1316 Sarculaque
441 1266 638 1316 rastrique
669 1277 806 1316 graves
838 1265 1023 1317 longique
1054 1264 1227 1316 ligones.

169 1324 277 1370 Quae
308 1329 517 1376 postquam
547 1335 715 1375 rapuere
747 1324 854 1364 ferae
873 1355 885 1377 ,
917 1335 1120 1375 cornuque
1151 1324 1323 1362 minaces

168 1381 371 1422 Divulsere
403 1381 522 1421 boves
541 1413 553 1435 ‚
584 1382 632 1422 ad
663 1384 761 1422 vatis
792 1383 869 1422 fata
901 1387 1138 1434 recurrunt,

167 1440 491 1492 Tendentemque
523 1452 662 1481 manus
694 1447 810 1493 atque
842 1440 907 1480 illo
939 1447 1118 1492 tempore
1148 1441 1320 1491 primum

103 1506 149 1538 40
167 1499 283 1539 Irrita
314 1499 512 1539 dicentem
542 1511 616 1539 nec
648 1501 858 1551 quicquam
889 1511 984 1539 voce
1016 1504 1238 1538 moventem

169 1557 387 1610 Sacrilegae
418 1559 648 1610 perimunt.
685 1570 835 1610 perque
862 1570 906 1598 os
924 1589 935 1611 ,
966 1570 1038 1610 pro
1065 1555 1269 1609 Iuppiter!
1300 1556 1396 1597 illud

167 1616 355 1656 Auditum
387 1617 490 1656 saxis
520 1616 843 1668 intellectumque
875 1617 1049 1656 serarum

169 1674 359 1714 Sensibus
389 1676 431 1714 in
463 1680 600 1714 ventos
631 1677 759 1715 anima
791 1674 966 1714 exhalata
997 1675 1184 1714 recessit.

169 1733 225 1772 Te
256 1738 428 1773 maestae
459 1733 639 1773 volucres
656 1765 669 1787 ‚
700 1733 861 1785 Orpheu
880 1764 892 1787 ,
922 1739 962 1773 te
994 1732 1110 1773 turba
1141 1733 1338 1786 ferarum,

103 1799 149 1831 45
170 1791 226 1831 Te
258 1792 374 1844 rigidi
405 1791 535 1832 silices
553 1823 566 1846 ,
595 1798 636 1832 te
667 1794 841 1832 carmina
871 1803 987 1844 saepe
1021 1796 1179 1831 secutae

168 1850 386 1890 Fleverunt
412 1850 558 1891 silvae:
589 1852 728 1903 positis
758 1856 797 1890 te
830 1849 1036 1890 frondibus
1068 1849 1184 1889 arbos

167 1908 298 1949 Tonsa
323 1921 475 1949 comam
499 1909 627 1949 luxit.
667 1909 855 1960 [lacrimis
886 1920 1043 1961 quoque
1074 1908 1235 1948 flumina
1261 1907 1398 1948 dicunt

167 1967 386 2008 Increvisse
418 1970 530 2008 suis:
562 1968 824 2020 obstrusaque
858 1968 1018 2008 carbasa
1049 1967 1155 2020 pullo

167 2025 310 2066 Naides
341 2032 383 2066 et
412 2026 578 2079 dryades
609 2039 824 2079 passosque
857 2026 1031 2066 habuere
1065 2025 1223 2078 capillos
1238 2023 1266 2075 .]

103 2091 149 2124 50
168 2084 343 2124 Membra
367 2085 497 2125 iacent
516 2085 670 2125 diversa
695 2086 814 2125 locis.
854 2091 990 2138 caput,
1016 2084 1145 2124 Hehre
1159 2116 1169 2137 ‚
1195 2084 1395 2136 lyramque

167 2143 357 2195 Excipis:
389 2149 430 2183 et
454 2165 509 2172 —-
535 2143 709 2184 mirum!
735 2165 791 2173 —
817 2144 945 2184 medio
969 2143 1065 2183 dum
1090 2142 1234 2183 labitur
1260 2155 1396 2195 amne,

167 2201 315 2241 Flebile
346 2203 480 2242 nescio
514 2203 607 2254 quid
640 2204 821 2255 queritur
851 2202 932 2255 lyra
950 2234 962 2256 ‚
993 2201 1122 2242 flebile
1153 2202 1285 2253 lingua

167 2259 388 2300 Murmurat
419 2262 608 2300 exanimis
628 2293 639 2314 ‚
670 2261 913 2313 respondent
944 2259 1073 2301 flebile
1104 2263 1236 2313 ripae.

166 2317 326 2372 Iamque
358 2331 466 2359 mare
498 2321 674 2360 invectae
705 2320 851 2360 ssumen
883 2319 1072 2373 populare
1104 2319 1358 2371 relinquunt,
