1554 2506
110 79 189 121 128
369 93 485 116 unum
662 79 875 114 METAMM
890 107 897 115 .

160 199 203 229 45
223 191 274 230 Ut
305 193 462 230 timeam
494 190 669 229 fraudem
704 191 910 240 meritique
943 189 1082 230 oblivia
1109 193 1257 230 nostri,

223 250 273 289 Et
304 249 410 288 dabit
441 255 528 288 ante
562 248 705 287 fidem.
744 260 957 300 cogamque
991 251 1029 288 in
1063 250 1221 289 foedera
1254 257 1378 290 testes

224 308 321 348 Esse
354 309 475 347 deos.
515 309 608 357 quin
643 312 725 346 tuta
757 307 899 346 times!
933 310 1137 359 accingere
1171 315 1210 348 et
1242 321 1394 348 omnem

224 367 328 407 Pelle
362 366 538 405 moram!
572 365 641 404 tibi
673 377 714 404 se
747 378 903 417 semper
935 365 1094 405 debebit
1124 366 1236 406 Iason
1256 399 1266 419 ‚

224 426 279 465 Te
311 426 393 464 face
427 424 604 463 sollemni
636 426 772 476 iunget
803 424 905 477 sibi,
943 437 1093 476 perque
1125 425 1307 477 Pelasgas

161 493 204 524 50
227 462 424 550 Sefvatrix
458 482 577 522 urbes
609 489 778 522 matrum
810 483 1061 523 celebrabere
1093 483 1231 524 turba.

224 543 327 594 Ergo
359 554 431 593 ego
464 553 687 593 germanam
720 543 959 594 fratremque
991 549 1221 594 patremque
1255 544 1425 595 deosque

225 602 275 640 Et
306 601 431 640 natale
464 601 590 640 solum
608 633 619 653 ‚
651 603 777 640 ventis
809 601 958 654 ablata,
991 599 1245 653 relinquam?

224 660 374 712 Nempe
406 666 517 711 pater
544 672 709 712 saevus,
742 672 882 712 nempe
915 666 976 699 est
1007 672 1091 700 mea
1124 660 1288 700 barbara
1315 661 1450 714 tellus,

225 719 362 758 Frater
394 719 521 758 adhuc
552 720 709 758 infans.
749 725 854 757 stant
885 731 1039 758 mecum
1071 725 1159 758 vota
1191 722 1362 760 sororis:

162 787 204 816 55
224 778 414 817 Maximus
446 780 548 817 intra
580 790 642 816 me
675 777 771 816 deus
803 784 891 817 est.
931 789 1009 816 non
1042 790 1179 829 magna
1211 778 1450 830 relinquam:

224 837 358 889 Magna
392 849 564 888 sequar:
597 836 755 875 titulum
788 842 962 876 servatae
995 836 1111 888 pubis
1143 837 1334 890 Achivae,

226 896 490 947 Notitiamque
523 895 598 935 loci
630 895 804 934 melioris
823 927 833 947 ‚
861 901 900 934 et
931 895 1071 947 oppida
1089 927 1101 948 ,
1134 908 1302 947 quorum

226 954 297 994 Hic
330 967 485 1006 quoque
519 955 618 993 fama
649 956 781 1007 viget,
814 954 1021 1005 cultusque
1041 960 1225 1006 artesque
1251 955 1451 1008 locorum3

227 1014 430 1064 Quemque
463 1026 535 1064 ego
568 1025 657 1052 cum
690 1012 809 1052 rebus
828 1045 838 1065 ‚
871 1025 967 1064 quas
999 1018 1105 1052 totus
1126 1013 1302 1065 possidet
1321 1014 1450 1067 orbis,

163 1081 206 1112 60
226 1072 447 1111 Aesoniden
480 1078 651 1111 mutasse
684 1071 827 1124 velim,
860 1084 937 1122 quo
969 1073 1133 1123 coniuge
1166 1072 1257 1111 felix

226 1130 276 1170 Et
307 1131 366 1170 dis
399 1143 487 1170 cara
520 1132 623 1169 ferar
655 1136 695 1169 et
725 1132 871 1169 vertice
905 1130 1036 1169 sidera
1067 1136 1261 1186 tangam..

228 1189 328 1236 Quid
347 1221 358 1241 ,
391 1190 495 1240 quod
528 1190 660 1228 nescio
694 1191 761 1239 qui
792 1188 931 1228 mediis
962 1191 1168 1228 incurrere
1199 1191 1239 1228 in
1271 1190 1386 1229 undis

227 1249 420 1288 DIcuntur
451 1254 635 1300 montes,
667 1247 897 1298 ratibusque
928 1249 1086 1287 inimica
1118 1247 1333 1299 Charybdis

226 1307 339 1347 Nunc
360 1307 522 1346 sorbere
542 1307 686 1346 fretum
705 1338 716 1359 ,
748 1319 853 1345 nunc
872 1306 1038 1345 reddere
1057 1339 1068 1359 ‚
1100 1308 1306 1358 cinctaque
1327 1309 1450 1347 saevis

163 1375 205 1406 65
229 1366 353 1418 Scylla
386 1378 503 1418 rapax
531 1365 693 1405 canibus
727 1364 858 1404 Siculo
891 1365 1034 1404 latrare
1066 1363 1297 1417 profundo?

227 1425 374 1476 Nempe
394 1431 533 1464 tenens
554 1424 658 1476 quod
679 1436 764 1463 amo
777 1456 788 1476 ‚
808 1425 1036 1475 gremioque
1056 1425 1097 1463 in
1117 1423 1266 1464 Iasonis
1285 1424 1452 1465 haerens

227 1484 302 1523 Per
334 1484 434 1522 freta
465 1484 578 1534 longa
610 1484 713 1522 ferar
734 1514 742 1522 .
781 1482 876 1521 nihil
907 1482 1016 1522 illum
1049 1483 1224 1534 amplexa
1262 1484 1451 1536 verebor3

227 1544 304 1582 Aut
321 1574 332 1595 ‚
364 1543 493 1593 siquid
525 1548 725 1594 metuam,
758 1548 927 1580 metuam
960 1541 1008 1580 de
1042 1543 1207 1593 coniuge
1241 1542 1346 1583 solo.

228 1602 512 1652 Coniugiumne
545 1606 659 1652 putas
679 1633 689 1652 ‚
722 1602 976 1652 speciosaque
1010 1602 1165 1639 nomina
1198 1601 1334 1652 culpae

165 1669 207 1700 70
228 1661 388 1712 inponis
406 1692 417 1712 ‚
448 1659 583 1699 Medea
602 1691 613 1712 ,
645 1665 733 1699 tuae
754 1657 775 1698 ⁸?
808 1661 902 1710 quin
935 1661 1064 1711 aspice
1083 1691 1094 1711 ,
1121 1665 1310 1710 quantum

227 1719 463 1771 Aggrediare
497 1719 604 1757 nefas
624 1749 635 1770 ,
667 1723 706 1757 et
738 1718 832 1757 dum
863 1718 983 1770 licet,
1016 1719 1142 1769 effuge
1175 1720 1325 1757 crimen
1339 1715 1364 1758 ,’

227 1778 359 1817 Dixit:
392 1783 431 1817 et
462 1783 551 1817 ante
583 1777 717 1815 oculos
750 1782 902 1815 rectum
934 1778 1138 1828 pietasque
1169 1777 1376 1829 pudorque

228 1837 524 1889 Constiterant,
556 1842 595 1875 et
626 1837 725 1874 victa
757 1835 872 1874 dabat
903 1836 979 1874 iam
1011 1841 1120 1887 terga
1153 1835 1325 1887 Cupido.

286 1895 370 1934 Ibat
400 1895 447 1934 ad
480 1897 659 1946 antiquas
690 1893 857 1933 Hecates
888 1893 1117 1944 Perseide&
1129 1906 1239 1947 aras,

165 1963 206 1993 75
229 1955 334 2000 Quas
365 1967 504 1993 nemus
537 1953 767 1993 umbrosum
799 1958 1029 2004 secretaque
1061 1952 1155 1992 silva
1187 1952 1363 2005 tegebat.

228 2012 277 2051 Et
306 2015 382 2052 iam
408 2014 521 2052 fortis
554 2018 665 2065 erat,
697 2011 912 2064 pulsusque
944 2017 1164 2050 recesserat
1195 2012 1335 2052 ardor:

229 2072 325 2110 Cum
357 2072 462 2111 videt
492 2070 742 2123 Aesoniden,
775 2072 1024 2121 extinctaque
1056 2070 1208 2109 flamma
1239 2070 1404 2110 reluxit¹

230 2129 455 2180 [Erubuere
487 2142 610 2181 genae
629 2162 639 2182 ,
672 2135 834 2181 totoque
865 2129 1073 2169 recanduit
1103 2141 1172 2169 ore
1191 2161 1203 2182 ‚

228 2188 357 2240 thue
389 2188 489 2228 solet
519 2190 646 2227 ventis
678 2188 860 2227 alimenta
892 2200 1124 2240 assumere,
1157 2199 1336 2239 quaeque

163 2255 207 2287 80
226 2247 349 2286 Parva
381 2247 453 2286 suh
486 2247 645 2286 inducta
677 2246 789 2286 latuit
820 2247 989 2286 scintilla
1021 2246 1171 2299 favilla,

228 2305 415 2345 Crescere
449 2312 489 2345 et
519 2308 559 2345 in
592 2311 745 2344 veteres
777 2307 918 2357 agitata
949 2317 1159 2357 resurgere
1191 2306 1318 2358 vires,
