<?xml version="1.0" encoding="UTF-8"?>
<!DOCTYPE html PUBLIC "-//W3C//DTD XHTML 1.0 Transitional//EN"
    "http://www.w3.org/TR/xhtml1/DTD/xhtml1-transitional.dtd">
<html xmlns="http://www.w3.org/1999/xhtml" xml:lang="en" lang="en">
 <head>
  <title>
</title>
<meta http-equiv="Content-Type" content="text/html;charset=utf-8" />
  <meta name='ocr-system' content='tesseract 3.04.00' />
  <meta name='ocr-capabilities' content='ocr_page ocr_carea ocr_par ocr_line ocrx_word'/>
</head>
<body>
  <div class='ocr_page' id='page_1' title='image "./ovidopera02oviduoft_0370.png"; bbox 0 0 1538 2496; ppageno 0'>
   <div class='ocr_carea' id='block_1_1' title="bbox 63 170 853 213">
    <p class='ocr_par' dir='ltr' id='par_1_1' title="bbox 63 170 853 213">
     <span class='ocr_line' id='line_1_1' title="bbox 63 170 853 213; baseline -0.004 -4"><span class='ocrx_word' id='word_1_1' title='bbox 63 173 144 213; x_wconf 80' lang='lat'>318</span> <span class='ocrx_word' id='word_1_2' title='bbox 265 185 490 207; x_wconf 67' lang='lat' dir='ltr'>PYTHAGORAS</span> <span class='ocrx_word' id='word_1_3' title='bbox 615 170 829 205; x_wconf 85' lang='lat' dir='ltr'>METAMM</span> <span class='ocrx_word' id='word_1_4' title='bbox 844 197 853 206; x_wconf 92' lang='lat'>.</span> 
     </span>
    </p>
   </div>
   <div class='ocr_carea' id='block_1_2' title="bbox 87 279 1538 2443">
    <p class='ocr_par' dir='ltr' id='par_1_2' title="bbox 178 279 1232 449">
     <span class='ocr_line' id='line_1_2' title="bbox 180 279 1200 331; baseline -0.002 -9"><span class='ocrx_word' id='word_1_5' title='bbox 180 282 254 322; x_wconf 87' lang='lat' dir='ltr'>Sed</span> <span class='ocrx_word' id='word_1_6' title='bbox 288 282 481 321; x_wconf 87' lang='lat' dir='ltr'>dominam</span> <span class='ocrx_word' id='word_1_7' title='bbox 514 293 647 320; x_wconf 89' lang='lat' dir='ltr'>rerum</span> <span class='ocrx_word' id='word_1_8' title='bbox 682 279 730 319; x_wconf 88' lang='lat' dir='ltr'>de</span> <span class='ocrx_word' id='word_1_9' title='bbox 763 281 952 331; x_wconf 86' lang='lat' dir='ltr'>sanguine</span> <span class='ocrx_word' id='word_1_10' title='bbox 984 286 1099 319; x_wconf 90' lang='lat' dir='ltr'>natus</span> <span class='ocrx_word' id='word_1_11' title='bbox 1129 279 1200 320; x_wconf 83' lang='lat' dir='ltr'>Iuli</span> 
     </span>
     <span class='ocr_line' id='line_1_3' title="bbox 178 338 1191 390; baseline -0.002 -10"><span class='ocrx_word' id='word_1_12' title='bbox 178 341 359 380; x_wconf 81' lang='lat' dir='ltr'>Et&#39;liciet.</span> <span class='ocrx_word' id='word_1_13' title='bbox 393 352 469 390; x_wconf 91' lang='lat' dir='ltr'>quo</span> <span class='ocrx_word' id='word_1_14' title='bbox 502 352 590 378; x_wconf 92' lang='lat' dir='ltr'>cum</span> <span class='ocrx_word' id='word_1_15' title='bbox 623 338 738 377; x_wconf 88' lang='lat' dir='ltr'>tellus</span> <span class='ocrx_word' id='word_1_16' title='bbox 771 340 846 377; x_wconf 90' lang='lat' dir='ltr'>erit</span> <span class='ocrx_word' id='word_1_17' title='bbox 878 351 977 390; x_wconf 87' lang='lat' dir='ltr'>usa,</span> <span class='ocrx_word' id='word_1_18' title='bbox 1010 339 1191 378; x_wconf 76' lang='lat' dir='ltr'><strong>fruentur</strong></span> 
     </span>
     <span class='ocr_line' id='line_1_4' title="bbox 178 393 1232 449; baseline -0.001 -12"><span class='ocrx_word' id='word_1_19' title='bbox 178 400 381 437; x_wconf 82' lang='lat' dir='ltr'>Aetheriae</span> <span class='ocrx_word' id='word_1_20' title='bbox 415 398 529 436; x_wconf 88' lang='lat' dir='ltr'>sedes</span> <span class='ocrx_word' id='word_1_21' title='bbox 548 429 559 449; x_wconf 85' lang='lat'>‚</span> <span class='ocrx_word' id='word_1_22' title='bbox 591 396 821 447; x_wconf 87' lang='lat' dir='ltr'>caelumque</span> <span class='ocrx_word' id='word_1_23' title='bbox 855 398 931 436; x_wconf 88' lang='lat' dir='ltr'>erit</span> <span class='ocrx_word' id='word_1_24' title='bbox 962 399 1089 436; x_wconf 88' lang='lat' dir='ltr'>exitus</span> <span class='ocrx_word' id='word_1_25' title='bbox 1120 397 1176 436; x_wconf 93' lang='lat' dir='ltr'>illi</span> <span class='ocrx_word' id='word_1_26' title='bbox 1190 393 1232 436; x_wconf 89' lang='lat'>.”</span> 
     </span>
    </p>

    <p class='ocr_par' dir='ltr' id='par_1_3' title="bbox 91 455 1341 625">
     <span class='ocr_line' id='line_1_5' title="bbox 91 455 1173 507; baseline -0.002 -10"><span class='ocrx_word' id='word_1_27' title='bbox 91 466 158 497; x_wconf 82' lang='lat'>450</span> <span class='ocrx_word' id='word_1_28' title='bbox 178 458 280 495; x_wconf 86' lang='lat' dir='ltr'>Haec</span> <span class='ocrx_word' id='word_1_29' title='bbox 313 456 505 494; x_wconf 84' lang='lat' dir='ltr'>Helenum</span> <span class='ocrx_word' id='word_1_30' title='bbox 538 457 728 494; x_wconf 86' lang='lat' dir='ltr'>cecinisse</span> <span class='ocrx_word' id='word_1_31' title='bbox 759 457 988 507; x_wconf 83' lang='lat' dir='ltr'>penatigero</span> <span class='ocrx_word' id='word_1_32' title='bbox 1019 455 1173 495; x_wconf 82' lang='lat' dir='ltr'>Aeneae</span> 
     </span>
     <span class='ocr_line' id='line_1_6' title="bbox 177 514 1341 566; baseline 0.001 -13"><span class='ocrx_word' id='word_1_33' title='bbox 177 516 304 554; x_wconf 80' lang='lat' dir='ltr'>Mente</span> <span class='ocrx_word' id='word_1_34' title='bbox 338 527 488 553; x_wconf 89' lang='lat' dir='ltr'>memor</span> <span class='ocrx_word' id='word_1_35' title='bbox 521 515 651 552; x_wconf 84' lang='lat' dir='ltr'>refero</span> <span class='ocrx_word' id='word_1_36' title='bbox 670 546 682 566; x_wconf 87' lang='lat'><em>,</em></span> <span class='ocrx_word' id='word_1_37' title='bbox 716 520 957 565; x_wconf 87' lang='lat' dir='ltr'>cognataque</span> <span class='ocrx_word' id='word_1_38' title='bbox 990 516 1143 553; x_wconf 88' lang='lat' dir='ltr'>moenia</span> <span class='ocrx_word' id='word_1_39' title='bbox 1173 514 1297 554; x_wconf 88' lang='lat' dir='ltr'>laetor</span> <span class='ocrx_word' id='word_1_40' title='bbox 1339 536 1341 538; x_wconf 88' lang='lat'>·</span> 
     </span>
     <span class='ocr_line' id='line_1_7' title="bbox 178 572 1311 625; baseline 0 -13"><span class='ocrx_word' id='word_1_41' title='bbox 178 574 365 613; x_wconf 77' lang='lat' dir='ltr'>Crescere</span> <span class='ocrx_word' id='word_1_42' title='bbox 385 605 396 625; x_wconf 86' lang='lat'><em>‚</em></span> <span class='ocrx_word' id='word_1_43' title='bbox 428 580 467 611; x_wconf 88' lang='lat' dir='ltr'>et</span> <span class='ocrx_word' id='word_1_44' title='bbox 498 573 647 612; x_wconf 80' lang='lat' dir='ltr'>utiliter</span> <span class='ocrx_word' id='word_1_45' title='bbox 680 572 903 625; x_wconf 84' lang='lat' dir='ltr'>Phrygibus</span> <span class='ocrx_word' id='word_1_46' title='bbox 935 574 1074 612; x_wconf 85' lang='lat' dir='ltr'>vicisse</span> <span class='ocrx_word' id='word_1_47' title='bbox 1106 572 1311 625; x_wconf 87' lang='lat' dir='ltr'>Pelasgos.</span> 
     </span>
    </p>

    <p class='ocr_par' dir='ltr' id='par_1_4' title="bbox 176 631 1402 801">
     <span class='ocr_line' id='line_1_8' title="bbox 176 631 1152 683; baseline 0 -13"><span class='ocrx_word' id='word_1_48' title='bbox 176 632 231 670; x_wconf 88' lang='lat' dir='ltr'>Ne</span> <span class='ocrx_word' id='word_1_49' title='bbox 264 638 393 670; x_wconf 91' lang='lat' dir='ltr'>tamen</span> <span class='ocrx_word' id='word_1_50' title='bbox 426 631 557 670; x_wconf 90' lang='lat' dir='ltr'>oblitis</span> <span class='ocrx_word' id='word_1_51' title='bbox 589 631 636 670; x_wconf 91' lang='lat' dir='ltr'>ad</span> <span class='ocrx_word' id='word_1_52' title='bbox 669 637 811 670; x_wconf 90' lang='lat' dir='ltr'>metam</span> <span class='ocrx_word' id='word_1_53' title='bbox 844 631 1006 670; x_wconf 89' lang='lat' dir='ltr'>tendere</span> <span class='ocrx_word' id='word_1_54' title='bbox 1037 631 1152 683; x_wconf 88' lang='lat' dir='ltr'>longe</span> 
     </span>
     <span class='ocr_line' id='line_1_9' title="bbox 176 689 1295 742; baseline 0.001 -13"><span class='ocrx_word' id='word_1_55' title='bbox 176 690 451 742; x_wconf 81' lang='lat' dir='ltr'>Exspatiemur</span> <span class='ocrx_word' id='word_1_56' title='bbox 484 692 595 742; x_wconf 87' lang='lat' dir='ltr'>equis</span> <span class='ocrx_word' id='word_1_57' title='bbox 614 722 626 742; x_wconf 89' lang='lat'><em>‚</em></span> <span class='ocrx_word' id='word_1_58' title='bbox 658 690 810 729; x_wconf 89' lang='lat' dir='ltr'>caelum</span> <span class='ocrx_word' id='word_1_59' title='bbox 840 695 881 728; x_wconf 88' lang='lat' dir='ltr'>et</span> <span class='ocrx_word' id='word_1_60' title='bbox 912 689 1188 742; x_wconf 91' lang='lat' dir='ltr'>quodcumque</span> <span class='ocrx_word' id='word_1_61' title='bbox 1221 690 1295 730; x_wconf 92' lang='lat' dir='ltr'>sub</span> 
     </span>
     <span class='ocr_line' id='line_1_10' title="bbox 1223 749 1402 801; baseline 0 -13"><span class='ocrx_word' id='word_1_62' title='bbox 1223 749 1288 788; x_wconf 92' lang='lat' dir='ltr'>illo</span> <span class='ocrx_word' id='word_1_63' title='bbox 1320 755 1402 801; x_wconf 82' lang='lat' dir='ltr'>est,</span> 
     </span>
    </p>

    <p class='ocr_par' dir='ltr' id='par_1_5' title="bbox 89 802 1538 1094">
     <span class='ocr_line' id='line_1_11' title="bbox 89 806 1538 862; baseline 0 -15"><span class='ocrx_word' id='word_1_64' title='bbox 89 815 156 847; x_wconf 81' lang='lat'>455</span> <span class='ocrx_word' id='word_1_65' title='bbox 176 808 359 848; x_wconf 81' lang='lat' dir='ltr'>Immutat</span> <span class='ocrx_word' id='word_1_66' title='bbox 390 808 536 847; x_wconf 84' lang='lat' dir='ltr'>formas</span> <span class='ocrx_word' id='word_1_67' title='bbox 554 840 566 860; x_wconf 84' lang='lat'><em>,</em></span> <span class='ocrx_word' id='word_1_68' title='bbox 598 807 713 846; x_wconf 92' lang='lat' dir='ltr'>tellus</span> <span class='ocrx_word' id='word_1_69' title='bbox 746 812 786 846; x_wconf 86' lang='lat' dir='ltr'>et</span> <span class='ocrx_word' id='word_1_70' title='bbox 817 807 1004 858; x_wconf 89' lang='lat' dir='ltr'>quicquid</span> <span class='ocrx_word' id='word_1_71' title='bbox 1035 808 1077 846; x_wconf 91' lang='lat' dir='ltr'>in</span> <span class='ocrx_word' id='word_1_72' title='bbox 1108 807 1172 846; x_wconf 87' lang='lat' dir='ltr'>illa</span> <span class='ocrx_word' id='word_1_73' title='bbox 1204 813 1285 847; x_wconf 85' lang='lat' dir='ltr'>est.</span> <span class='ocrx_word' id='word_1_74' title='bbox 1524 806 1538 862; x_wconf 63' lang='lat' dir='ltr'>J}</span> 
     </span>
     <span class='ocr_line' id='line_1_12' title="bbox 175 863 1538 919; baseline 0.001 -14"><span class='ocrx_word' id='word_1_75' title='bbox 175 867 254 906; x_wconf 90' lang='lat' dir='ltr'>Nos</span> <span class='ocrx_word' id='word_1_76' title='bbox 275 879 431 918; x_wconf 90' lang='lat' dir='ltr'>quoque</span> <span class='ocrx_word' id='word_1_77' title='bbox 445 899 456 919; x_wconf 86' lang='lat'>‚</span> <span class='ocrx_word' id='word_1_78' title='bbox 476 879 566 918; x_wconf 90' lang='lat' dir='ltr'>pars</span> <span class='ocrx_word' id='word_1_79' title='bbox 587 866 745 919; x_wconf 69' lang='lat' dir='ltr'>mundi,</span> <span class='ocrx_word' id='word_1_80' title='bbox 767 868 952 917; x_wconf 85' lang='lat' dir='ltr'>quoniam</span> <span class='ocrx_word' id='word_1_81' title='bbox 973 878 1051 905; x_wconf 91' lang='lat' dir='ltr'>non</span> <span class='ocrx_word' id='word_1_82' title='bbox 1071 878 1237 918; x_wconf 89' lang='lat' dir='ltr'>corpora</span> <span class='ocrx_word' id='word_1_83' title='bbox 1256 866 1403 919; x_wconf 87' lang='lat' dir='ltr'>solum,</span> <span class='ocrx_word' id='word_1_84' title='bbox 1526 863 1538 879; x_wconf 66' lang='lat'>²⁷</span> 
     </span>
     <span class='ocr_line' id='line_1_13' title="bbox 175 925 1538 978; baseline 0.001 -14"><span class='ocrx_word' id='word_1_85' title='bbox 175 925 319 964; x_wconf 90' lang='lat' dir='ltr'>Verum</span> <span class='ocrx_word' id='word_1_86' title='bbox 352 927 467 964; x_wconf 90' lang='lat' dir='ltr'>etiam</span> <span class='ocrx_word' id='word_1_87' title='bbox 500 925 679 964; x_wconf 91' lang='lat' dir='ltr'>volucres</span> <span class='ocrx_word' id='word_1_88' title='bbox 711 926 863 963; x_wconf 88' lang='lat' dir='ltr'>animae</span> <span class='ocrx_word' id='word_1_89' title='bbox 901 937 1068 978; x_wconf 84' lang='lat' dir='ltr'>sumus,</span> <span class='ocrx_word' id='word_1_90' title='bbox 1098 926 1218 976; x_wconf 88' lang='lat' dir='ltr'>inque</span> <span class='ocrx_word' id='word_1_91' title='bbox 1256 925 1403 965; x_wconf 76' lang='lat' dir='ltr'>ferinas</span> <span class='ocrx_word' id='word_1_92' title='bbox 1529 927 1538 970; x_wconf 68' lang='grc' dir='ltr'>ξ’</span> 
     </span>
     <span class='ocr_line' id='line_1_14' title="bbox 175 983 1538 1035; baseline 0 -13"><span class='ocrx_word' id='word_1_93' title='bbox 175 984 391 1023; x_wconf 84' lang='lat' dir='ltr'>Possumus</span> <span class='ocrx_word' id='word_1_94' title='bbox 422 985 481 1022; x_wconf 88' lang='lat' dir='ltr'>ire</span> <span class='ocrx_word' id='word_1_95' title='bbox 513 984 649 1022; x_wconf 90' lang='lat' dir='ltr'>domos</span> <span class='ocrx_word' id='word_1_96' title='bbox 681 983 956 1035; x_wconf 87' lang='lat' dir='ltr'>pecudumque</span> <span class='ocrx_word' id='word_1_97' title='bbox 989 985 1030 1022; x_wconf 89' lang='lat' dir='ltr'>in</span> <span class='ocrx_word' id='word_1_98' title='bbox 1067 995 1234 1035; x_wconf 87' lang='lat' dir='ltr'>corpora</span> <span class='ocrx_word' id='word_1_99' title='bbox 1265 984 1401 1023; x_wconf 90' lang='lat' dir='ltr'>condi.</span> <span class='ocrx_word' id='word_1_100' title='bbox 1523 991 1538 1027; x_wconf 68' lang='lat'>12</span> 
     </span>
     <span class='ocr_line' id='line_1_15' title="bbox 176 1041 1298 1094; baseline -0.001 -12"><span class='ocrx_word' id='word_1_101' title='bbox 176 1042 348 1094; x_wconf 85' lang='lat' dir='ltr'>Corpora</span> <span class='ocrx_word' id='word_1_102' title='bbox 382 1054 480 1093; x_wconf 90' lang='lat' dir='ltr'>quae</span> <span class='ocrx_word' id='word_1_103' title='bbox 512 1044 666 1094; x_wconf 85' lang='lat' dir='ltr'>possint</span> <span class='ocrx_word' id='word_1_104' title='bbox 697 1044 843 1080; x_wconf 90' lang='lat' dir='ltr'>animas</span> <span class='ocrx_word' id='word_1_105' title='bbox 875 1041 1058 1081; x_wconf 89' lang='lat' dir='ltr'>habuisse</span> <span class='ocrx_word' id='word_1_106' title='bbox 1090 1048 1298 1094; x_wconf 88' lang='lat' dir='ltr'>parentum</span> 
     </span>
    </p>

    <p class='ocr_par' dir='ltr' id='par_1_6' title="bbox 87 1100 1401 1269">
     <span class='ocr_line' id='line_1_16' title="bbox 87 1100 1304 1151; baseline 0 -11"><span class='ocrx_word' id='word_1_107' title='bbox 87 1109 156 1141; x_wconf 73' lang='grc'>460</span> <span class='ocrx_word' id='word_1_108' title='bbox 174 1101 252 1140; x_wconf 84' lang='lat' dir='ltr'>Aut</span> <span class='ocrx_word' id='word_1_109' title='bbox 283 1102 449 1140; x_wconf 84' lang='lat' dir='ltr'>fratrum</span> <span class='ocrx_word' id='word_1_110' title='bbox 482 1107 547 1140; x_wconf 88' lang='lat' dir='ltr'>aut</span> <span class='ocrx_word' id='word_1_111' title='bbox 578 1101 708 1151; x_wconf 90' lang='lat' dir='ltr'>aliquo</span> <span class='ocrx_word' id='word_1_112' title='bbox 740 1102 966 1139; x_wconf 89' lang='lat' dir='ltr'>iunctorum</span> <span class='ocrx_word' id='word_1_113' title='bbox 998 1100 1157 1140; x_wconf 86' lang='lat' dir='ltr'>foedere</span> <span class='ocrx_word' id='word_1_114' title='bbox 1190 1101 1304 1140; x_wconf 89' lang='lat' dir='ltr'>nobis</span> 
     </span>
     <span class='ocr_line' id='line_1_17' title="bbox 175 1158 1401 1212; baseline 0.001 -14"><span class='ocrx_word' id='word_1_115' title='bbox 175 1160 252 1198; x_wconf 84' lang='lat' dir='ltr'>Aut</span> <span class='ocrx_word' id='word_1_116' title='bbox 283 1159 486 1198; x_wconf 91' lang='lat' dir='ltr'>hominum</span> <span class='ocrx_word' id='word_1_117' title='bbox 519 1165 626 1198; x_wconf 87' lang='lat' dir='ltr'>certe</span> <span class='ocrx_word' id='word_1_118' title='bbox 645 1191 657 1211; x_wconf 88' lang='lat'><em>‚</em></span> <span class='ocrx_word' id='word_1_119' title='bbox 688 1165 772 1197; x_wconf 86' lang='lat' dir='ltr'>tuta</span> <span class='ocrx_word' id='word_1_120' title='bbox 804 1171 890 1198; x_wconf 89' lang='lat' dir='ltr'>esse</span> <span class='ocrx_word' id='word_1_121' title='bbox 929 1164 970 1198; x_wconf 89' lang='lat' dir='ltr'>et</span> <span class='ocrx_word' id='word_1_122' title='bbox 1005 1158 1170 1198; x_wconf 88' lang='lat' dir='ltr'>honesta</span> <span class='ocrx_word' id='word_1_123' title='bbox 1201 1161 1401 1212; x_wconf 87' lang='lat' dir='ltr'>sinamus,</span> 
     </span>
     <span class='ocr_line' id='line_1_18' title="bbox 175 1217 1179 1269; baseline 0 -12"><span class='ocrx_word' id='word_1_124' title='bbox 175 1218 281 1257; x_wconf 86' lang='lat' dir='ltr'>Neve</span> <span class='ocrx_word' id='word_1_125' title='bbox 309 1218 516 1269; x_wconf 74' lang='lat' dir='ltr'>Thyesteis</span> <span class='ocrx_word' id='word_1_126' title='bbox 548 1217 793 1257; x_wconf 89' lang='lat' dir='ltr'>cumulemus</span> <span class='ocrx_word' id='word_1_127' title='bbox 826 1219 979 1256; x_wconf 88' lang='lat' dir='ltr'>viscera</span> <span class='ocrx_word' id='word_1_128' title='bbox 1011 1219 1179 1257; x_wconf 89' lang='lat' dir='ltr'>mensis.</span> 
     </span>
    </p>

    <p class='ocr_par' dir='ltr' id='par_1_7' title="bbox 177 1275 1344 1387">
     <span class='ocr_line' id='line_1_19' title="bbox 177 1275 1344 1329; baseline 0 -13"><span class='ocrx_word' id='word_1_129' title='bbox 177 1277 302 1322; x_wconf 82' lang='lat' dir='ltr'>Quam</span> <span class='ocrx_word' id='word_1_130' title='bbox 334 1277 433 1316; x_wconf 91' lang='lat' dir='ltr'>male</span> <span class='ocrx_word' id='word_1_131' title='bbox 467 1278 720 1329; x_wconf 86' lang='lat' dir='ltr'>consuescit,</span> <span class='ocrx_word' id='word_1_132' title='bbox 752 1288 869 1327; x_wconf 88' lang='lat' dir='ltr'>quam</span> <span class='ocrx_word' id='word_1_133' title='bbox 900 1287 942 1314; x_wconf 88' lang='lat' dir='ltr'>se</span> <span class='ocrx_word' id='word_1_134' title='bbox 973 1282 1085 1328; x_wconf 88' lang='lat' dir='ltr'>parat</span> <span class='ocrx_word' id='word_1_135' title='bbox 1115 1275 1179 1316; x_wconf 87' lang='lat' dir='ltr'>ille</span> <span class='ocrx_word' id='word_1_136' title='bbox 1212 1278 1344 1316; x_wconf 88' lang='lat' dir='ltr'>cruori</span> 
     </span>
     <span class='ocr_line' id='line_1_20' title="bbox 177 1334 1125 1387; baseline -0.001 -13"><span class='ocrx_word' id='word_1_137' title='bbox 177 1335 322 1387; x_wconf 88' lang='lat' dir='ltr'>Impius</span> <span class='ocrx_word' id='word_1_138' title='bbox 355 1336 525 1375; x_wconf 88' lang='lat' dir='ltr'>humano</span> <span class='ocrx_word' id='word_1_139' title='bbox 544 1367 555 1387; x_wconf 86' lang='lat'><em>‚</em></span> <span class='ocrx_word' id='word_1_140' title='bbox 586 1334 697 1374; x_wconf 87' lang='lat' dir='ltr'>vituli</span> <span class='ocrx_word' id='word_1_141' title='bbox 729 1336 797 1386; x_wconf 89' lang='lat' dir='ltr'>qui</span> <span class='ocrx_word' id='word_1_142' title='bbox 828 1339 988 1387; x_wconf 86' lang='lat' dir='ltr'>guttura</span> <span class='ocrx_word' id='word_1_143' title='bbox 1019 1335 1125 1373; x_wconf 86' lang='lat' dir='ltr'>ferro</span> 
     </span>
    </p>

    <p class='ocr_par' dir='ltr' id='par_1_8' title="bbox 89 1393 1525 1563">
     <span class='ocr_line' id='line_1_21' title="bbox 89 1393 1525 1446; baseline 0.001 -13"><span class='ocrx_word' id='word_1_144' title='bbox 89 1402 157 1433; x_wconf 82' lang='lat'>465</span> <span class='ocrx_word' id='word_1_145' title='bbox 177 1394 339 1445; x_wconf 86' lang='lat' dir='ltr'>Rumpit</span> <span class='ocrx_word' id='word_1_146' title='bbox 357 1426 367 1446; x_wconf 84' lang='lat'>‚</span> <span class='ocrx_word' id='word_1_147' title='bbox 399 1400 439 1433; x_wconf 93' lang='lat' dir='ltr'>et</span> <span class='ocrx_word' id='word_1_148' title='bbox 470 1396 637 1433; x_wconf 88' lang='lat' dir='ltr'>inmotas</span> <span class='ocrx_word' id='word_1_149' title='bbox 668 1393 832 1444; x_wconf 88' lang='lat' dir='ltr'>praebet</span> <span class='ocrx_word' id='word_1_150' title='bbox 863 1393 1079 1445; x_wconf 86' lang='lat' dir='ltr'>mugitibus</span> <span class='ocrx_word' id='word_1_151' title='bbox 1111 1393 1249 1434; x_wconf 78' lang='lat' dir='ltr'>aures!</span> <span class='ocrx_word' id='word_1_152' title='bbox 1522 1403 1525 1406; x_wconf 73' lang='grc'>’</span> 
     </span>
     <span class='ocr_line' id='line_1_22' title="bbox 178 1451 1168 1503; baseline 0.001 -13"><span class='ocrx_word' id='word_1_153' title='bbox 178 1452 256 1491; x_wconf 88' lang='lat' dir='ltr'>Aut</span> <span class='ocrx_word' id='word_1_154' title='bbox 288 1453 355 1503; x_wconf 90' lang='lat' dir='ltr'>qui</span> <span class='ocrx_word' id='word_1_155' title='bbox 387 1454 537 1503; x_wconf 83' lang='lat' dir='ltr'>vagitus</span> <span class='ocrx_word' id='word_1_156' title='bbox 570 1452 716 1491; x_wconf 89' lang='lat' dir='ltr'>similes</span> <span class='ocrx_word' id='word_1_157' title='bbox 747 1451 968 1503; x_wconf 90' lang='lat' dir='ltr'>puerilibus</span> <span class='ocrx_word' id='word_1_158' title='bbox 999 1452 1168 1491; x_wconf 88' lang='lat' dir='ltr'>haedum</span> 
     </span>
     <span class='ocr_line' id='line_1_23' title="bbox 176 1510 1150 1563; baseline 0.001 -14"><span class='ocrx_word' id='word_1_159' title='bbox 176 1510 369 1549; x_wconf 90' lang='lat' dir='ltr'>Edentem</span> <span class='ocrx_word' id='word_1_160' title='bbox 400 1511 577 1561; x_wconf 85' lang='lat' dir='ltr'>iugulare</span> <span class='ocrx_word' id='word_1_161' title='bbox 609 1515 768 1562; x_wconf 87' lang='lat' dir='ltr'>potest:</span> <span class='ocrx_word' id='word_1_162' title='bbox 801 1516 869 1549; x_wconf 85' lang='lat' dir='ltr'>aut</span> <span class='ocrx_word' id='word_1_163' title='bbox 899 1510 988 1549; x_wconf 90' lang='lat' dir='ltr'>alite</span> <span class='ocrx_word' id='word_1_164' title='bbox 1021 1512 1150 1563; x_wconf 89' lang='lat' dir='ltr'>vesci,</span> 
     </span>
    </p>

    <p class='ocr_par' dir='ltr' id='par_1_9' title="bbox 176 1568 1538 1683">
     <span class='ocr_line' id='line_1_24' title="bbox 177 1568 1403 1620; baseline 0.002 -12"><span class='ocrx_word' id='word_1_165' title='bbox 177 1569 249 1608; x_wconf 85' lang='lat' dir='ltr'>Cui</span> <span class='ocrx_word' id='word_1_166' title='bbox 269 1569 375 1608; x_wconf 91' lang='lat' dir='ltr'>dedit</span> <span class='ocrx_word' id='word_1_167' title='bbox 394 1571 477 1620; x_wconf 89' lang='lat' dir='ltr'>ipse</span> <span class='ocrx_word' id='word_1_168' title='bbox 505 1568 612 1608; x_wconf 90' lang='lat' dir='ltr'>cibos</span> <span class='ocrx_word' id='word_1_169' title='bbox 633 1568 642 1608; x_wconf 90' lang='lat'>!</span> <span class='ocrx_word' id='word_1_170' title='bbox 670 1574 859 1620; x_wconf 88' lang='lat' dir='ltr'>quantum</span> <span class='ocrx_word' id='word_1_171' title='bbox 885 1574 974 1620; x_wconf 89' lang='lat' dir='ltr'>est,</span> <span class='ocrx_word' id='word_1_172' title='bbox 1000 1568 1105 1619; x_wconf 89' lang='lat' dir='ltr'>quod</span> <span class='ocrx_word' id='word_1_173' title='bbox 1125 1569 1226 1609; x_wconf 87' lang='lat' dir='ltr'>desit</span> <span class='ocrx_word' id='word_1_174' title='bbox 1251 1572 1290 1609; x_wconf 92' lang='lat' dir='ltr'>in</span> <span class='ocrx_word' id='word_1_175' title='bbox 1316 1572 1403 1610; x_wconf 89' lang='lat' dir='ltr'>istis</span> 
     </span>
     <span class='ocr_line' id='line_1_25' title="bbox 176 1624 1538 1683; baseline 0.001 -17"><span class='ocrx_word' id='word_1_176' title='bbox 176 1628 233 1666; x_wconf 82' lang='lat' dir='ltr'>Ad</span> <span class='ocrx_word' id='word_1_177' title='bbox 264 1627 424 1679; x_wconf 89' lang='lat' dir='ltr'>plenum</span> <span class='ocrx_word' id='word_1_178' title='bbox 456 1624 649 1667; x_wconf 80' lang='lat' dir='ltr'>facinus?</span> <span class='ocrx_word' id='word_1_179' title='bbox 680 1639 757 1678; x_wconf 91' lang='lat' dir='ltr'>quo</span> <span class='ocrx_word' id='word_1_180' title='bbox 791 1629 979 1665; x_wconf 83' lang='lat' dir='ltr'>transitus</span> <span class='ocrx_word' id='word_1_181' title='bbox 1010 1627 1101 1666; x_wconf 85' lang='lat' dir='ltr'>inde</span> <span class='ocrx_word' id='word_1_182' title='bbox 1132 1627 1327 1679; x_wconf 78' lang='lat' dir='ltr'>paratur?</span> <span class='ocrx_word' id='word_1_183' title='bbox 1527 1678 1538 1683; x_wconf 43' lang='lat'><em>-</em></span> 
     </span>
    </p>

    <p class='ocr_par' dir='ltr' id='par_1_10' title="bbox 88 1685 1538 1786">
     <span class='ocr_line' id='line_1_26' title="bbox 88 1685 1538 1739; baseline 0.001 -14"><span class='ocrx_word' id='word_1_184' title='bbox 88 1695 156 1727; x_wconf 77' lang='lat'>470</span> <span class='ocrx_word' id='word_1_185' title='bbox 176 1686 252 1725; x_wconf 88' lang='lat' dir='ltr'>Bos</span> <span class='ocrx_word' id='word_1_186' title='bbox 284 1692 398 1739; x_wconf 88' lang='lat' dir='ltr'>aret,</span> <span class='ocrx_word' id='word_1_187' title='bbox 430 1692 497 1726; x_wconf 85' lang='lat' dir='ltr'>aut</span> <span class='ocrx_word' id='word_1_188' title='bbox 528 1691 697 1725; x_wconf 87' lang='lat' dir='ltr'>mortem</span> <span class='ocrx_word' id='word_1_189' title='bbox 729 1685 953 1724; x_wconf 88' lang='lat' dir='ltr'>senioribus</span> <span class='ocrx_word' id='word_1_190' title='bbox 985 1686 1155 1737; x_wconf 86' lang='lat' dir='ltr'>imputet</span> <span class='ocrx_word' id='word_1_191' title='bbox 1185 1689 1320 1727; x_wconf 89' lang='lat' dir='ltr'>annis:</span> <span class='ocrx_word' id='word_1_192' title='bbox 1526 1688 1538 1722; x_wconf 71' lang='lat' dir='ltr'>i</span> 
     </span>
     <span class='ocr_line' id='line_1_27' title="bbox 177 1744 1277 1786; baseline 0.002 -2"><span class='ocrx_word' id='word_1_193' title='bbox 177 1745 425 1784; x_wconf 81' lang='lat' dir='ltr'>Horriserum</span> <span class='ocrx_word' id='word_1_194' title='bbox 458 1751 595 1784; x_wconf 89' lang='lat' dir='ltr'>contra</span> <span class='ocrx_word' id='word_1_195' title='bbox 625 1744 773 1783; x_wconf 87' lang='lat' dir='ltr'>borean</span> <span class='ocrx_word' id='word_1_196' title='bbox 804 1745 887 1783; x_wconf 92' lang='lat' dir='ltr'>ovis</span> <span class='ocrx_word' id='word_1_197' title='bbox 918 1755 1026 1782; x_wconf 90' lang='lat' dir='ltr'>arma</span> <span class='ocrx_word' id='word_1_198' title='bbox 1056 1745 1277 1786; x_wconf 87' lang='lat' dir='ltr'>ministret:</span> 
     </span>
    </p>

    <p class='ocr_par' dir='ltr' id='par_1_11' title="bbox 176 1799 1526 1974">
     <span class='ocr_line' id='line_1_28' title="bbox 177 1799 1526 1856; baseline 0.001 -14"><span class='ocrx_word' id='word_1_199' title='bbox 177 1803 305 1843; x_wconf 86' lang='lat' dir='ltr'>Ubera</span> <span class='ocrx_word' id='word_1_200' title='bbox 338 1804 432 1843; x_wconf 82' lang='lat' dir='ltr'>dent</span> <span class='ocrx_word' id='word_1_201' title='bbox 463 1810 617 1843; x_wconf 87' lang='lat' dir='ltr'>saturae</span> <span class='ocrx_word' id='word_1_202' title='bbox 649 1802 829 1842; x_wconf 90' lang='lat' dir='ltr'>manibus</span> <span class='ocrx_word' id='word_1_203' title='bbox 860 1802 1297 1856; x_wconf 55' lang='lat' dir='ltr'>pressamcapellae.</span> <span class='ocrx_word' id='word_1_204' title='bbox 1524 1799 1526 1801; x_wconf 39' lang='lat'>¹</span> 
     </span>
     <span class='ocr_line' id='line_1_29' title="bbox 176 1861 1243 1914; baseline 0 -13"><span class='ocrx_word' id='word_1_205' title='bbox 176 1862 288 1901; x_wconf 88' lang='lat' dir='ltr'>Retia</span> <span class='ocrx_word' id='word_1_206' title='bbox 321 1875 410 1902; x_wconf 90' lang='lat' dir='ltr'>cum</span> <span class='ocrx_word' id='word_1_207' title='bbox 442 1862 591 1914; x_wconf 88' lang='lat' dir='ltr'>pedicis</span> <span class='ocrx_word' id='word_1_208' title='bbox 609 1893 621 1914; x_wconf 87' lang='lat'>‚</span> <span class='ocrx_word' id='word_1_209' title='bbox 651 1861 812 1913; x_wconf 91' lang='lat' dir='ltr'>laqueos</span> <span class='ocrx_word' id='word_1_210' title='bbox 830 1893 842 1913; x_wconf 86' lang='lat'>‚</span> <span class='ocrx_word' id='word_1_211' title='bbox 874 1867 1058 1913; x_wconf 87' lang='lat' dir='ltr'>artesque</span> <span class='ocrx_word' id='word_1_212' title='bbox 1089 1861 1243 1901; x_wconf 91' lang='lat' dir='ltr'>dolosas</span> 
     </span>
     <span class='ocr_line' id='line_1_30' title="bbox 176 1919 1175 1974; baseline 0.001 -15"><span class='ocrx_word' id='word_1_213' title='bbox 176 1921 346 1973; x_wconf 83' lang='lat' dir='ltr'>Tollite3</span> <span class='ocrx_word' id='word_1_214' title='bbox 379 1933 452 1960; x_wconf 91' lang='lat' dir='ltr'>nec</span> <span class='ocrx_word' id='word_1_215' title='bbox 484 1921 683 1960; x_wconf 88' lang='lat' dir='ltr'>volucrem</span> <span class='ocrx_word' id='word_1_216' title='bbox 715 1921 860 1959; x_wconf 88' lang='lat' dir='ltr'>viscata</span> <span class='ocrx_word' id='word_1_217' title='bbox 891 1919 1012 1959; x_wconf 87' lang='lat' dir='ltr'>fallite</span> <span class='ocrx_word' id='word_1_218' title='bbox 1044 1921 1175 1974; x_wconf 88' lang='lat' dir='ltr'>virga,</span> 
     </span>
    </p>

    <p class='ocr_par' dir='ltr' id='par_1_12' title="bbox 88 1973 1538 2031">
     <span class='ocr_line' id='line_1_31' title="bbox 88 1973 1538 2031; baseline -0.001 -13"><span class='ocrx_word' id='word_1_219' title='bbox 88 1986 156 2018; x_wconf 76' lang='lat'>475</span> <span class='ocrx_word' id='word_1_220' title='bbox 176 1979 257 2018; x_wconf 90' lang='lat' dir='ltr'>Nec</span> <span class='ocrx_word' id='word_1_221' title='bbox 289 1980 507 2019; x_wconf 85' lang='lat' dir='ltr'>formidatis</span> <span class='ocrx_word' id='word_1_222' title='bbox 540 1991 677 2019; x_wconf 91' lang='lat' dir='ltr'>cervos</span> <span class='ocrx_word' id='word_1_223' title='bbox 708 1978 859 2018; x_wconf 87' lang='lat' dir='ltr'>illudite</span> <span class='ocrx_word' id='word_1_224' title='bbox 892 1980 1056 2031; x_wconf 89' lang='lat' dir='ltr'>pennis,</span> <span class='ocrx_word' id='word_1_225' title='bbox 1525 1973 1538 2018; x_wconf 66' lang='grc' dir='ltr'>ξ’</span> 
     </span>
    </p>

    <p class='ocr_par' dir='ltr' id='par_1_13' title="bbox 176 2036 1538 2328">
     <span class='ocr_line' id='line_1_32' title="bbox 176 2036 1120 2077; baseline 0 -1"><span class='ocrx_word' id='word_1_226' title='bbox 176 2037 257 2076; x_wconf 91' lang='lat' dir='ltr'>Nec</span> <span class='ocrx_word' id='word_1_227' title='bbox 289 2038 411 2077; x_wconf 87' lang='lat' dir='ltr'>celate</span> <span class='ocrx_word' id='word_1_228' title='bbox 444 2038 541 2077; x_wconf 92' lang='lat' dir='ltr'>cibis</span> <span class='ocrx_word' id='word_1_229' title='bbox 573 2050 697 2077; x_wconf 92' lang='lat' dir='ltr'>uncos</span> <span class='ocrx_word' id='word_1_230' title='bbox 729 2036 931 2076; x_wconf 82' lang='lat' dir='ltr'>fallacibus</span> <span class='ocrx_word' id='word_1_231' title='bbox 962 2037 1120 2076; x_wconf 87' lang='lat' dir='ltr'>hamos.</span> 
     </span>
     <span class='ocr_line' id='line_1_33' title="bbox 176 2085 1538 2150; baseline 0.001 -15"><span class='ocrx_word' id='word_1_232' title='bbox 176 2095 333 2135; x_wconf 86' lang='lat' dir='ltr'>Perdite</span> <span class='ocrx_word' id='word_1_233' title='bbox 366 2098 477 2148; x_wconf 89' lang='lat' dir='ltr'>siqua</span> <span class='ocrx_word' id='word_1_234' title='bbox 509 2102 682 2150; x_wconf 85' lang='lat' dir='ltr'>nocent,</span> <span class='ocrx_word' id='word_1_235' title='bbox 714 2108 850 2135; x_wconf 91' lang='lat' dir='ltr'>verum</span> <span class='ocrx_word' id='word_1_236' title='bbox 880 2095 977 2135; x_wconf 89' lang='lat' dir='ltr'>haec</span> <span class='ocrx_word' id='word_1_237' title='bbox 1009 2108 1165 2147; x_wconf 82' lang='lat' dir='ltr'>quoque</span> <span class='ocrx_word' id='word_1_238' title='bbox 1196 2097 1348 2149; x_wconf 88' lang='lat' dir='ltr'>perdite</span> <span class='ocrx_word' id='word_1_239' title='bbox 1534 2085 1538 2107; x_wconf 84' lang='lat'><strong>¹</strong></span> 
     </span>
     <span class='ocr_line' id='line_1_34' title="bbox 1229 2161 1402 2207; baseline 0 -13"><span class='ocrx_word' id='word_1_240' title='bbox 1229 2161 1402 2207; x_wconf 80' lang='lat' dir='ltr'>tantum3</span> 
     </span>
     <span class='ocr_line' id='line_1_35' title="bbox 178 2211 1275 2267; baseline 0.001 -14"><span class='ocrx_word' id='word_1_241' title='bbox 178 2213 257 2253; x_wconf 88' lang='lat' dir='ltr'>Ora</span> <span class='ocrx_word' id='word_1_242' title='bbox 287 2220 426 2253; x_wconf 85' lang='lat' dir='ltr'>vacent</span> <span class='ocrx_word' id='word_1_243' title='bbox 456 2215 581 2266; x_wconf 89' lang='lat' dir='ltr'>epulis</span> <span class='ocrx_word' id='word_1_244' title='bbox 600 2247 611 2267; x_wconf 86' lang='lat'><em>,</em></span> <span class='ocrx_word' id='word_1_245' title='bbox 643 2214 902 2265; x_wconf 88' lang='lat' dir='ltr'>alimentaque</span> <span class='ocrx_word' id='word_1_246' title='bbox 934 2215 1042 2253; x_wconf 84' lang='lat' dir='ltr'>mitia</span> <span class='ocrx_word' id='word_1_247' title='bbox 1074 2220 1237 2265; x_wconf 77' lang='lat' dir='ltr'>carpant</span> <span class='ocrx_word' id='word_1_248' title='bbox 1248 2211 1275 2253; x_wconf 91' lang='lat'>.&#39;</span> 
     </span>
     <span class='ocr_line' id='line_1_36' title="bbox 236 2271 1295 2328; baseline 0.001 -18"><span class='ocrx_word' id='word_1_249' title='bbox 236 2272 395 2312; x_wconf 89' lang='lat' dir='ltr'>Talibus</span> <span class='ocrx_word' id='word_1_250' title='bbox 428 2279 545 2324; x_wconf 88' lang='lat' dir='ltr'>atque</span> <span class='ocrx_word' id='word_1_251' title='bbox 578 2273 661 2312; x_wconf 88' lang='lat' dir='ltr'>aliis</span> <span class='ocrx_word' id='word_1_252' title='bbox 693 2275 887 2313; x_wconf 85' lang='lat' dir='ltr'>instructo</span> <span class='ocrx_word' id='word_1_253' title='bbox 918 2279 1080 2324; x_wconf 84' lang='lat' dir='ltr'>pectore</span> <span class='ocrx_word' id='word_1_254' title='bbox 1112 2271 1226 2311; x_wconf 89' lang='lat' dir='ltr'>dictis</span> <span class='ocrx_word' id='word_1_255' title='bbox 1290 2324 1295 2328; x_wconf 9' lang='grc' dir='ltr'>ἱ</span> 
     </span>
    </p>

    <p class='ocr_par' dir='ltr' id='par_1_14' title="bbox 90 2331 1255 2384">
     <span class='ocr_line' id='line_1_37' title="bbox 90 2331 1255 2384; baseline 0 -14"><span class='ocrx_word' id='word_1_256' title='bbox 90 2331 221 2371; x_wconf 88' lang='lat' dir='ltr'>4801n</span> <span class='ocrx_word' id='word_1_257' title='bbox 252 2333 419 2382; x_wconf 90' lang='lat' dir='ltr'>patriam</span> <span class='ocrx_word' id='word_1_258' title='bbox 450 2344 645 2371; x_wconf 83' lang='lat' dir='ltr'>remeasse</span> <span class='ocrx_word' id='word_1_259' title='bbox 676 2333 811 2371; x_wconf 83' lang='lat' dir='ltr'>serunt</span> <span class='ocrx_word' id='word_1_260' title='bbox 828 2363 840 2384; x_wconf 91' lang='lat'><em>,</em></span> <span class='ocrx_word' id='word_1_261' title='bbox 872 2331 1055 2383; x_wconf 89' lang='lat' dir='ltr'>ultroque</span> <span class='ocrx_word' id='word_1_262' title='bbox 1085 2332 1255 2382; x_wconf 83' lang='lat' dir='ltr'>petitum</span> 
     </span>
    </p>

    <p class='ocr_par' dir='ltr' id='par_1_15' title="bbox 177 2389 1172 2443">
     <span class='ocr_line' id='line_1_38' title="bbox 177 2389 1172 2443; baseline 0 -14"><span class='ocrx_word' id='word_1_263' title='bbox 177 2390 385 2442; x_wconf 79' lang='lat' dir='ltr'>Accepisse</span> <span class='ocrx_word' id='word_1_264' title='bbox 417 2389 583 2430; x_wconf 88' lang='lat' dir='ltr'>Numam</span> <span class='ocrx_word' id='word_1_265' title='bbox 614 2391 749 2443; x_wconf 89' lang='lat' dir='ltr'>populi</span> <span class='ocrx_word' id='word_1_266' title='bbox 780 2390 948 2430; x_wconf 85' lang='lat' dir='ltr'>Latiaris</span> <span class='ocrx_word' id='word_1_267' title='bbox 979 2389 1172 2430; x_wconf 85' lang='lat' dir='ltr'>habenas:</span> 
     </span>
    </p>
   </div>
  </div>
 </body>
</html>
