1527 2580
596 113 646 146 m
662 139 670 155 ,
696 115 881 147 435-506
896 139 905 148 .
1042 125 1225 149 uancmsus
1361 115 1415 156 59

110 229 179 261 470
198 220 329 272 Longa
361 232 469 260 meae
501 228 716 273 superant,
748 223 952 273 primoque
985 223 1192 273 extinguor
1229 224 1268 261 in
1301 235 1415 263 aevo.

197 279 278 318 Nec
309 279 403 318 mihi
436 291 540 317 mors
572 281 699 330 gravis
740 286 827 332 est,
859 281 1036 331 posituro
1074 286 1200 319 morte
1239 280 1416 321 dolores:

198 337 299 390 Hic,
331 339 398 389 qui
428 336 631 390 diligitur,
662 337 799 376 vellem
832 338 1055 384 diuturnior
1087 344 1212 377 esset.

197 395 310 435 Nunc
341 395 419 434 duo
451 396 666 435 concordes
698 398 824 434 anima
856 399 1070 436 moriemur
1102 399 1141 435 in
1174 409 1249 435 una
1265 394 1289 436 .'

198 453 332 506 Dixit,
364 459 403 493 et
433 454 479 492 ad
512 455 684 505 speciem
716 455 832 493 rediit
864 455 960 494 male
993 467 1111 494 sanus
1144 455 1330 508 eandem,

111 520 179 552 475
198 511 249 551 Et
279 511 449 551 lacrimis
475 512 647 551 turbavit
678 525 797 564 aquas
816 545 826 565 ,
859 513 1103 565 obscuraque
1137 520 1242 552 moto

198 570 363 610 Reddita
395 571 518 609 forma
550 571 635 610 lacu
668 577 755 610 est.
800 583 915 622 quam
948 584 1037 611 cum
1068 571 1229 611 vidisset
1260 572 1389 624 abire,

201 626 303 674 ‘Quo
330 629 477 680 refugis
497 626 518 668 Ῥ
549 641 707 668 remane
725 661 736 681 ‚
768 642 840 668 nec
872 642 934 669 me
953 662 964 682 ,
996 631 1165 669 crudelis
1184 662 1195 683 ,
1227 636 1419 670 amantem

199 687 343 726 Desere
364 684 390 726 1’
422 687 600 727 clamavit
632 685 762 727 ‘liceat
794 688 897 739 quod
930 694 1088 740 tangere
1121 701 1199 727 non
1232 695 1313 741 est,

200 746 386 797 Aspicere
419 752 459 784 et
489 747 632 785 misero
664 746 852 797 praebere
885 746 1066 785 alimenta
1098 747 1223 786 furori
1238 744 1262 785 .'

112 812 181 844 480
201 804 379 855 Dumque
411 803 544 857 dolet,
577 817 727 844 summa
759 811 906 844 vestem
939 805 1090 844 diduxit
1121 805 1168 844 ab
1200 817 1291 858 ora,

199 862 389 913 Nudaque
420 865 650 902 marmoreis
679 865 875 914 percussit
905 869 1065 915 pectora
1096 863 1255 915 palmis.

199 920 365 959 Pectora
397 926 604 960 traxerunt
635 927 794 960 tenuem
825 934 1013 973 percussa
1044 921 1256 974 ruborem,

200 978 286 1018 Non
317 978 429 1018 aliter
461 991 576 1030 quam
607 991 720 1031 poma
753 979 908 1031 solent,
939 991 1038 1030 quae
1071 979 1233 1018 candida
1264 985 1373 1031 parte

200 1037 316 1076 Parte
347 1036 521 1089 rubent,
553 1044 620 1076 aut
650 1043 694 1077 ut
719 1040 835 1077 variis
868 1037 968 1076 solet
999 1049 1071 1076 uva
1102 1039 1268 1076 racemis

115 1103 183 1135 485
204 1095 356 1135 Ducere
387 1108 632 1147 purpureum
651 1128 662 1148 ,
693 1096 867 1135 nondum
898 1101 1048 1135 matura
1067 1127 1078 1149 ,
1110 1096 1303 1135 colorem.

202 1154 309 1199 Quae
342 1154 458 1192 simul
490 1156 640 1205 aspexit
664 1154 872 1204 liquefacta
904 1166 1044 1193 rursus
1075 1156 1116 1192 in
1148 1154 1275 1206 unda,

201 1212 287 1251 Non
319 1212 409 1251 tulit
439 1212 634 1251 ulterius:
666 1212 733 1251 sed
766 1218 810 1251 ut
840 1212 1084 1251 intabescere
1116 1212 1234 1251 ssavae

202 1270 295 1322 Igne
327 1270 402 1308 levi
433 1282 544 1310 cerae
578 1272 869 1322 matutinaeque
900 1272 1064 1321 pruinae

203 1329 292 1368 Sole
323 1334 481 1380 tepente
514 1328 670 1381 solent,
702 1330 758 1367 sic
789 1329 1021 1367 adtenuatus
1053 1340 1184 1367 amore

114 1395 183 1427 490
202 1387 385 1438 Liquitur
418 1393 457 1426 et
488 1399 603 1426 caeco
634 1387 820 1439 paulatim
846 1389 1020 1438 carpitur
1051 1388 1155 1438 igni.

202 1445 253 1485 Et
278 1457 406 1496 neque
436 1447 513 1484 iam
545 1445 652 1484 color
684 1451 745 1484 est
775 1447 896 1484 mixto
928 1445 1097 1484 candore
1129 1445 1288 1497 rubori,

201 1503 283 1543 Nec
314 1505 424 1555 vigor
455 1509 495 1542 et
525 1505 629 1543 vires
660 1509 700 1542 et
731 1516 829 1555 quae
862 1503 1088 1542 modorvisa
1121 1503 1348 1555 placebant,

202 1562 285 1602 Nec
316 1574 460 1614 corpus
491 1568 696 1614 remanet,
729 1562 925 1613 quondam
957 1562 1060 1613 quod
1081 1567 1275 1600 amaverat
1293 1561 1422 1600 Echo.

206 1621 313 1667 Quae
344 1626 475 1660 tamen
507 1626 551 1660 ut
581 1620 706 1673 vidit,
738 1622 912 1671 quamvis
943 1622 1041 1659 irata
1073 1632 1326 1672 memorque,

116 1687 183 1719 495
204 1678 402 1731 Indoluit,
434 1680 694 1730 quotiensque
725 1691 826 1730 puer
856 1678 1090 1717 miserabilis
1122 1675 1238 1717 ‘eheu
1253 1675 1277 1716 l'

204 1737 390 1790 Dixerat,
422 1737 517 1776 haec
548 1739 701 1776 resonis
731 1736 898 1776 iterabat
928 1736 1088 1775 vocibus
1121 1732 1276 1775 ‘eheut’

205 1795 381 1846 Cumque
413 1807 505 1834 suos
536 1795 715 1834 manibus
746 1800 998 1847 percusserat
1027 1794 1090 1833 ille
1122 1793 1314 1846 lacertos,

204 1853 308 1893 Haec
341 1865 496 1905 quoque
528 1853 716 1893 reddebat
747 1855 919 1892 sonitum
950 1852 1147 1904 plangoris
1180 1851 1371 1891 eundem.

204 1911 346 1951 Ultima
377 1924 450 1950 vox
481 1911 635 1951 solitam
665 1913 739 1951 fuit
769 1912 864 1950 haec
897 1912 1108 1962 spectantis
1139 1912 1179 1949 in
1212 1910 1380 1963 undam,

117 1977 185 2010 500
206 1968 307 2009 ‘Heu
339 1971 486 2010 frustra
519 1970 659 2010 dilecte
691 1982 789 2021 puer
810 1967 834 2008 Γ
867 1969 1108 2020 totidemque
1140 1970 1293 2007 remisit

205 2026 335 2067 Verha'
360 2028 498 2080 locus3
536 2028 719 2080 dictoque
757 2027 838 2066 vale
881 2024 1023 2066 ‘valet’
1061 2028 1189 2078 inquit
1226 2032 1266 2066 et
1296 2026 1424 2065 Echo.

206 2086 272 2125 ille
305 2092 422 2138 caput
452 2086 566 2125 viridi
598 2087 744 2126 sessum
776 2086 971 2125 summisit
1000 2087 1040 2124 in
1071 2084 1216 2138 herba,

207 2143 374 2183 Lumina
406 2156 482 2183 nox
515 2145 655 2184 clausit
686 2145 832 2183 domini
863 2145 1043 2182 mirantia
1075 2143 1262 2182 sormam.

205 2202 306 2242 Tum
339 2215 494 2254 quoque
515 2215 556 2241 se
574 2234 586 2255 ‚
616 2208 824 2254 postquam
850 2207 911 2241 est
935 2202 1087 2241 inferna
1107 2201 1198 2240 sede
1219 2206 1426 2253 receptus,

119 2260 249 2301 5051n
284 2260 412 2313 Stygia
446 2260 647 2313 spectabat
678 2273 776 2312 aqua
796 2292 805 2300 .
841 2260 1026 2312 planxere
1059 2271 1215 2299 sorores

205 2318 348 2358 Naides
379 2325 420 2359 et
449 2325 578 2359 sectos
609 2319 721 2358 fratri
751 2331 918 2370 posuere
951 2318 1134 2370 capillos;
