1554 2506
105 80 184 122 106
299 92 534 115 'rme-romnus
653 77 866 113 METAMM
881 106 888 113 ,

217 189 359 229 Vectus
391 196 473 228 erat
500 190 677 228 iuvenis:
712 187 912 239 Scythicas
943 188 1159 228 advertitur
1190 199 1301 229 oras.

130 256 197 288 650
218 248 299 287 Rex
331 248 384 287 ibi
415 247 569 298 Lyncus
603 253 712 285 erat.
752 248 855 297 regis
887 245 992 286 subit
1023 247 1085 286 ille
1117 253 1300 299 penates,

220 307 304 352 Qua
336 308 492 357 veniat,
524 317 758 355 causamque
791 306 872 343 viae
905 317 1128 356 nomenque
1158 312 1320 357 rogatus

216 364 266 404 Et
295 366 459 416 patriam
491 360 661 414 “‘patria
693 369 753 402 est
792 363 917 403 clarae
955 361 1064 402 mihi'
1097 363 1195 404 dixit
1226 361 1438 416 ‘Athenae‚

219 423 286 461 Tri
317 423 481 461 tolemus
513 434 684 460 nomen.
722 423 809 460 veni
840 434 913 461 nec
944 434 1075 473 puppe
1106 434 1179 473 per
1209 422 1355 475 undas,

218 481 273 520 Ne
330 480 428 532 pede
462 493 530 531 per
563 487 717 519 terras:
749 481 873 531 patuit
903 480 997 519 mihi
1030 483 1188 531 pervius
1219 481 1356 520 aether

130 547 197 579 655
218 539 325 578 Dona
357 540 440 577 sero
474 539 657 591 Cereris,
688 538 786 577 latos
819 551 916 590 quae
944 551 1077 590 sparsa
1109 551 1181 591 per
1212 551 1327 591 agros

216 597 440 648 Frugiferas
473 609 621 636 messes
653 596 913 649 alimentaque
946 599 1052 636 mitia
1083 597 1249 637 reddant
1262 594 1319 636 .''’

216 655 410 694 Barbarus
443 656 608 695 invidit:
640 657 815 706 tantique
847 662 892 695 ut
922 657 1098 695 muneris
1129 662 1267 695 auctor

217 714 305 766 lpse
338 716 416 766 sit,
448 714 616 766 hospitio
647 715 817 765 recipit,
849 726 1064 765 somnoque
1096 720 1296 765 gravatum

216 773 453 824 Adgreditur
485 774 590 811 ferro
611 803 619 812 .
658 778 864 812 conantem
895 773 1015 824 figere
1046 778 1184 824 pectus

126 840 195 870 660
215 831 343 882 Lynca
376 831 494 870 Ceres
526 831 647 871 fecit:
677 843 896 882 rursusque
927 843 998 882 per
1024 834 1112 870 aera
1143 832 1259 870 iussit
1303 839 1333 867 1.
1351 839 1436 866 lxiii.

215 890 460 941 Mopsopium
492 891 673 929 iuvenem
705 901 837 929 sacros
869 891 1014 941 agitare
1045 889 1193 941 iugales
1207 885 1249 928 .''

273 948 445 987 Finierat
477 949 602 988 dictos
633 961 654 987 e
686 948 798 987 nobis
830 950 994 987 maxima
1027 953 1188 987 cantus:

214 1008 263 1046 At
293 1007 483 1058 nymphae
517 1008 654 1046 Vlcisse
687 1007 778 1045 deas
810 1006 995 1046 Helicona
1028 1006 1201 1046 colentes

217 1065 410 1104 Concordi
441 1066 573 1104 dixere
605 1077 729 1104 sono.
769 1067 942 1105 convicia
976 1066 1102 1104 victae

125 1132 193 1163 665
216 1123 311 1162 Cum
344 1125 547 1176 iacerent,
581 1120 811 1174 “quoniam'
844 1123 942 1162 dixit
973 1121 1202 1162 ‘certamine
1233 1124 1342 1164 vobis

216 1181 459 1233 Supplicium
478 1183 670 1221 meruisse
702 1194 842 1234 parum
875 1188 964 1234 est,
996 1182 1279 1233 maledictaque
1300 1183 1435 1236 culpae

212 1241 362 1279 Additis
381 1272 392 1294 ,
423 1246 463 1280 et
493 1253 571 1279 non
604 1247 664 1280 est
694 1242 880 1292 patientia
911 1239 1033 1279 libera
1064 1240 1200 1294 nobis,

214 1299 360 1337 [bimus
392 1301 432 1337 in
465 1311 610 1350 poenas
629 1331 640 1352 ‚
672 1305 711 1337 et
743 1311 818 1349 qua
849 1304 962 1338 vocat
991 1301 1077 1352 ira,
1108 1311 1321 1350 sequemur
1335 1297 1378 1339 .”

213 1357 356 1396 Rident
386 1357 610 1396 Emathides
630 1389 640 1409 ‚
673 1363 942 1409 spernuntque
974 1359 1139 1396 minacia
1171 1358 1312 1398 verba:

124 1423 194 1455 670
215 1416 461 1467 Conataeque
493 1416 600 1467 loqui
633 1422 671 1454 et
702 1428 841 1466 magno
874 1415 1042 1455 clamore
1073 1422 1276 1467 protervas

212 1474 410 1513 Intentare
441 1486 608 1526 manus,
639 1487 787 1526 pennas
820 1475 925 1513 exire
957 1486 1029 1526 per
1058 1487 1211 1526 ungues
1305 1483 1334 1509 t·
1352 1483 1431 1509 lxiv-

213 1534 410 1584 Aspexere
442 1545 534 1572 suos
552 1564 564 1585 ‚
590 1534 735 1584 operiri
767 1531 950 1571 bracchia
980 1532 1147 1584 plumis:

212 1590 420 1641 Alteraque
453 1590 615 1630 alterius
645 1590 771 1642 rigido
804 1602 1060 1629 concrescere
1091 1596 1222 1631 rostro

214 1649 291 1688 Ora
322 1649 455 1701 videt,
486 1649 744 1699 volucresque
776 1661 894 1688 novas
926 1649 1112 1688 accedere
1145 1650 1274 1690 silvis.

123 1716 190 1747 675
212 1707 390 1759 Dumque
423 1707 559 1747 volunt
589 1707 747 1760 plangi,
777 1719 849 1759 per
879 1707 1062 1746 bracchia
1091 1713 1197 1747 mota
1226 1708 1374 1748 levatae

212 1767 310 1804 Aere
343 1765 593 1819 pendebant,
624 1778 830 1805 nemorum
862 1767 1064 1818 convicia,
1094 1768 1228 1818 picae.

212 1824 324 1862 Nunc
355 1836 512 1874 quoque
544 1826 584 1863 in
616 1824 772 1864 alitibus
804 1824 984 1863 facundia
1015 1826 1144 1875 prisca
1175 1827 1364 1864 remansit

212 1882 419 1933 Raucaque
453 1882 661 1934 garrulitas
693 1883 945 1933 studiumque
978 1884 1145 1940 immane
1177 1883 1362 1934 loquendi
1378 1881 1404 1923 .'

518 2077 702 2130 LIBER
740 2076 976 2132 SEXTUS
995 2116 1008 2129 .

211 2173 452 2213 Praebuerat
483 2175 597 2213 dictis
629 2175 805 2214 Tritonia
837 2174 980 2215 talibus
1011 2188 1151 2229 aures,

212 2232 469 2283 carminaque
501 2233 694 2272 Aonidum
726 2236 946 2285 iustamque
978 2234 1211 2285 probaverat
1240 2234 1360 2274 iram.

211 2290 312 2329 Tum
345 2302 478 2329 secum
512 2288 684 2330 ‘laudare
704 2304 844 2345 parum
876 2298 964 2345 est;
996 2292 1200 2332 laudemur
1231 2298 1272 2332 et
1301 2295 1432 2347 ipsae,
