1507 2580
1287 124 1368 160 XIX

29 235 222 275 librorum
253 235 427 274 omnium
458 247 536 274 non
567 236 760 285 putabam
782 235 873 286 equi
905 235 1028 286 accipi
1058 247 1186 285 posse,
1218 235 1371 274 iuvenis

30 294 155 344 ipsius
198 294 382 334 volebam
425 306 473 332 ea
514 295 712 343 positura,
765 307 843 344 qua
890 295 931 333 in
975 294 1214 344 anaglyphis
1252 296 1373 343 proni

31 352 142 403 equis
173 352 358 402 insident,
387 352 500 391 velut
529 352 571 390 in
601 353 774 402 metopio
806 353 943 391 Parth.
969 353 1088 391 occid.
1119 360 1172 390 111
1205 353 1245 390 et
1275 361 1371 390 XIII.

148 407 235 450 505
261 418 500 450 LACRIMAE
527 418 666 450 m'rsss
693 419 835 449 INTER
860 419 1086 450 MANDATA
1112 418 1373 450 CADEBANT.

29 481 100 508 nee
131 469 223 508 huic
253 470 502 509 coniecturae
539 470 658 508 nimis
698 470 860 509 confido.
915 470 1008 508 libri
1040 471 1223 509 lacrimae
1252 472 1372 510 mites.

30 528 71 567 id
102 528 197 578 quid
228 530 354 580 esset,
390 540 471 567 non
500 528 793 578 intelligebam,
831 529 891 567 uti
921 540 992 567 nee
1023 529 1135 568 Mitis
1165 529 1375 568 habebatur

29 594 116 625 VIII
137 588 220 625 262
254 588 325 625 aut
353 587 443 626 mite
466 589 643 635 parentis
674 588 869 635 ingenium
900 595 986 625 XIII
1010 589 1105 638 187,
1136 589 1374 636 praesertim

30 645 286 695 sequentibus
324 645 387 683 hic
432 645 674 695 singultibus
717 648 758 684 et
800 646 1022 696 praesa-giis
1060 659 1124 685 vv.
1152 647 1234 685 509
1277 648 1373 686 510.

30 703 286 743 memineram
316 704 394 742 leci
424 703 538 742 Pent.
572 712 626 742 111
655 706 676 742 1
715 705 795 742 102
835 705 953 751 flendi
984 706 1092 753 copia
1123 706 1226 744 dives
1257 706 1373 744 adest.

165 759 251 801 576
295 761 506 800 STAMINA
548 770 813 801 BARBARICA
857 771 1113 802 SUSPENDIT
1157 771 1375 802 PALLADE

31 828 195 859 TELAE.
255 821 296 858 M
335 833 423 859 eum
460 821 597 870 paucis
631 822 806 861 servavit
835 822 990 870 pallida
1021 823 1111 872 tela,
1150 822 1254 871 quod
1286 834 1375 861 cum

29 880 339 929 interpolatores
372 880 475 917 male
507 880 690 930 haberet,
729 880 909 918 fecerunt
948 881 1090 919 callida
1122 883 1162 918 et
1194 882 1373 925 candida,

28 940 75 976 ut
105 938 151 976 Ε.
207 937 413 976 Palladem
456 938 702 987 interpretor
748 939 850 988 quod
894 939 935 976 in
980 939 1099 976 simili
1142 951 1186 977 re
1230 939 1375 978 dicitur

28 996 143 1035 Pont.
180 1004 234 1034 III
255 997 280 1035 8
316 998 339 1035 9
377 996 556 1035 Palladis
597 998 655 1035 uti
691 995 788 1035 Arte
827 997 1051 1035 Tomitanae
1092 1008 1169 1035 mm
1212 998 1376 1036 didicere

28 1066 163 1099 nume,
195 1057 242 1093 ut
273 1057 335 1093 est
364 1056 627 1103 intempestiva
657 1055 842 1094 Minerva
872 1064 921 1094 Iv
943 1057 1010 1105 33,
1042 1057 1165 1095 tenuis
1191 1056 1376 1095 Minerva

28 1113 135 1163 apud
165 1112 287 1163 Verg.
318 1113 417 1152 Aen.
449 1122 535 1152 VIII
556 1115 654 1153 409.
720 1115 890 1153 stamina
933 1115 1028 1153 telae
1068 1116 1183 1152 erant
1219 1123 1268 1154 IV
1291 1117 1372 1153 275

28 1180 79 1210 VI
99 1172 167 1221 54,
191 1172 365 1220 pendens
394 1174 507 1210 vestis
538 1180 586 1211 1v
609 1173 705 1210 395.
836 1169 923 1211 583
957 1180 1117 1211 DOLOR
1151 1181 1269 1212 ORSA
1301 1182 1375 1212 RE-

27 1237 230 1270 PRESSIT.
291 1241 362 1268 ora
403 1232 584 1278 repressit
630 1231 742 1280 libri,
795 1231 900 1280 qued
948 1243 1027 1270 non
1079 1232 1375 1283 intellegebam,

28 1289 283 1338 quantumvis
327 1300 398 1327 ora
441 1291 710 1337 opprimantur
746 1297 799 1327 111
828 1291 930 1339 296,
966 1291 1097 1338 pudor
1141 1303 1212 1329 ora
1254 1294 1376 1330 teneat

28 1355 77 1386 IX
97 1348 201 1398 515,
244 1358 309 1386 ore
343 1350 577 1396 premantur
611 1359 718 1387 voces
749 1356 831 1387 XIV
853 1350 950 1387 779.
1000 1360 1091 1387 orsa
1133 1349 1280 1388 rectius
1325 1350 1376 1388 ad

27 1407 159 1455 verba,
204 1405 308 1455 quod
354 1407 552 1456 sequitur,
594 1406 811 1457 referetur,
856 1419 974 1456 quam
1011 1420 1083 1456 pro
1123 1407 1374 1447 substantivo

28 1465 118 1515 erit,
149 1464 255 1514 quod
285 1466 420 1503 tamen
451 1465 633 1515 Vergilio
672 1468 714 1504 et
744 1465 1032 1504 recentioribus
1063 1466 1374 1516 frequentatum.

76 1540 79 1543 ·
145 1519 232 1562 673
281 1530 562 1563 PRAELONGA
610 1530 808 1563 cuspmn
857 1531 1089 1563 Rosrmm.
1143 1537 1219 1574 pro
1262 1526 1376 1574 loxya

29 1582 184 1630 cuspide
218 1581 330 1630 libri,
376 1582 481 1632 quod
518 1594 598 1622 non
635 1583 798 1633 egregie
833 1583 1124 1633 interpretatus
1161 1583 1374 1633 Hauptius.

28 1643 156 1679 rostra
185 1640 336 1679 habent
366 1641 588 1691 cuspidem,
620 1653 785 1680 acumen
816 1649 851 1680 II
874 1643 956 1680 376
1002 1650 1085 1680 XIV
1106 1642 1202 1681 503.
1256 1653 1375 1691 prae-

27 1697 181 1738 validas
217 1698 318 1737 dixit
357 1702 477 1748 poeta
508 1708 562 1738 III
584 1701 685 1750 219,
721 1701 929 1748 praedives
967 1709 1017 1739 IX
1039 1702 1112 1750 91,
1149 1702 1375 1748 praedurus

27 1765 97 1796 ΧΗ
117 1758 216 1816 349.
337 1755 419 1796 701
453 1767 502 1797 VI
528 1766 613 1798 SED
639 1765 917 1798 memnone.
955 1759 1088 1797 differt
1112 1759 1187 1797 hoc
1211 1759 1373 1798 minimo

28 1815 256 1855 discrimine
287 1828 312 1855 a
343 1817 542 1866 scriptura
574 1817 607 1855 E
639 1829 678 1855 m
697 1813 968 1868 (superposito
1001 1811 1130 1869 apice)
1150 1818 1226 1857 sed.

28 1873 286 1914 Coniecturae
305 1874 462 1914 Heinsii
486 1875 642 1914 reddidi
675 1877 759 1914 234
794 1878 891 1914 614.
941 1888 988 1914 ex
1019 1876 1065 1926 E,
1095 1876 1245 1925 partim
1277 1878 1374 1927 solo,

27 1933 119 1972 dedi
160 1945 301 1973 versus
336 1935 418 1973 117
459 1929 548 1986 (sed
590 1930 722 1986 aloyd)
763 1937 846 1973 174
887 1936 1059 1982 ametrix
1100 1936 1183 1973 212
1227 1936 1375 1974 recidat

27 1986 213 2043 (reccidat
246 1992 330 2031 Erf.
360 1988 576 2044 recentior)
619 1994 702 2031 224
737 1994 820 2031 249
857 1994 939 2031 313
975 1994 1058 2032 334
1091 1995 1176 2031 417
1211 1992 1375 2033 Cleonae

26 2051 111 2089 422
150 2052 397 2100 subvectaque
432 2064 504 2101 pro
535 2063 619 2091 var.
652 2063 725 2090 scr.
757 2052 842 2090 448
875 2051 960 2090 457
993 2052 1125 2099 faenil.
1164 2047 1281 2103 (foen.
1313 2048 1373 2105 M)

26 2110 111 2148 495
150 2110 290 2148 obortis
333 2104 542 2162 (versuum
579 2109 759 2149 ordinem
796 2122 843 2148 ex
879 2110 962 2148 Erf.
995 2122 1089 2161 rec.,
1133 2122 1181 2150 ex
1217 2124 1294 2160 quo
1334 2114 1374 2150 et

25 2167 149 2206 Prisc.
187 2168 309 2206 etiam
354 2164 457 2220 506)
502 2169 585 2207 579
630 2169 700 2207 illa
743 2163 808 2221 (ut
849 2169 972 2208 etiam
1008 2169 1050 2207 M
1088 2169 1161 2208 sub
1200 2165 1372 2221 rasura).

27 2226 168 2265 omitto
199 2227 269 2265 ubi
300 2227 342 2265 in
373 2227 695 2276 orthographicis
734 2229 805 2265 aut
843 2227 1131 2278 insignioribus
1164 2228 1372 2277 scripturis

26 2287 96 2323 aut
126 2285 168 2322 M
206 2287 276 2324 aut
305 2284 338 2323 L
371 2285 657 2336 adstipulatur:
698 2297 962 2326 commemoro
1005 2287 1088 2325 617
1122 2285 1373 2326 Abstulerant

25 2355 113 2382 esse
143 2344 185 2381 in
216 2343 268 2382 M.

1033 2409 1087 2445 j·
