1554 2506
147 89 201 131 38
385 100 513 124 convns
697 82 910 119 METAMM
925 110 932 118 .

265 199 345 238 Vox
377 210 461 237 mea
493 195 724 235 mortalem.
762 199 866 232 mota
898 198 958 232 est
989 204 1059 243 pro
1093 193 1241 243 virgine
1273 192 1406 244 virgo,

177 265 244 297 580
264 256 536 306 Auxiliumque
568 253 683 292 tulit.
721 251 927 291 tendebam
958 250 1139 290 bracchia
1171 250 1300 290 caelo:

264 315 449 354 Bracchia
481 316 696 364 coeperunt
726 309 875 350 levibus
895 312 1118 361 nigrescere
1143 310 1306 361 pennis.
1346 316 1374 342 t·
1393 315 1482 342 xviii.

266 374 428 412 Reicere
460 384 507 410 ex
538 371 685 410 umeris
717 374 865 408 vestem
896 367 1088 408 molibar.
1127 373 1166 406 at
1195 366 1259 406 illa

265 432 399 471 Pluma
432 435 515 469 erat
545 430 665 480 inque
697 434 827 468 cutem
858 427 1010 469 radices
1043 431 1175 477 egerat
1205 428 1325 465 imas.

264 490 451 540 Plangere
482 487 586 527 nuda
617 488 714 526 meis
746 485 914 526 conabar
944 491 1104 537 pectora
1134 484 1296 537 palmis:

178 556 244 588 585
267 548 343 587 Sed
375 559 503 597 neque
534 548 610 585 iam
641 545 816 598 palmas,
848 557 920 584 nec
950 550 1110 595 pectora
1141 543 1246 582 nuda
1277 540 1482 594 gerebam.

266 605 507 645 Currebam:
533 617 606 644 nec
624 636 635 656 ,
660 611 705 644 ut
736 609 824 643 ante
842 635 853 656 ‚
885 603 1005 655 pedes
1036 602 1231 642 retinebat
1261 601 1428 651 harena,

267 665 343 704 Sed
376 676 526 703 summa
557 662 720 702 tollebar
751 663 894 701 humo.
932 673 1021 701 mox
1053 666 1138 700 acta
1168 672 1240 712 per
1271 671 1385 699 auras

265 723 419 762 Evehor
437 754 449 775 ‚
481 727 521 761 et
552 722 638 761 data
670 733 756 761 sum
790 731 920 759 comes
951 719 1149 770 inculpata
1178 718 1396 758 Minervae.

267 781 369 828 Quid
396 787 525 820 tamen
557 781 631 819 hoc
663 779 825 831 prodest
843 774 1034 831 ‚Rdiro
1053 778 1167 823 ¹facta
1198 776 1368 816 volucris

178 850 244 880 590
266 840 437 880 Crimine
469 839 698 891 Nyctimene
730 843 866 877 nostro
898 837 1090 876 successit
1118 833 1293 876 honori?

264 900 321 938 An
354 910 452 950 quae
483 910 555 950 per
585 903 706 937 totam
737 909 801 935 res
827 901 888 935 est
917 896 1120 935 notissima
1150 893 1330 946 Lesbon,
1366 903 1395 927 f·
1415 901 1484 927 xix.

265 957 352 996 Non
384 956 515 996 audita
546 955 617 995 tibi
651 953 750 995 est?
780 956 951 1007 patrium
981 960 1195 993 temerasse
1228 952 1355 992 cubile

265 1016 521 1067 Nyctimenen
541 1012 562 1054 Ῥ
594 1016 673 1053 avis
705 1013 768 1053 illa
800 1013 986 1065 quidem,
1019 1012 1087 1052 sed
1119 1013 1276 1051 conscia
1307 1010 1444 1062 culpae

265 1074 530 1125 Conspectum
561 1073 768 1124 lucemque
801 1073 901 1122 sugit
925 1070 1180 1122 tenebrisque
1211 1069 1403 1121 pudorem

176 1141 243 1173 595
266 1132 372 1171 Celat
390 1164 401 1185 ,
433 1137 473 1171 et
503 1144 524 1170 a
556 1132 708 1170 cunctis
740 1130 948 1182 expellitur
979 1129 1137 1168 aethere
1168 1124 1291 1168 tot0.'

265 1191 371 1230 Talia
402 1190 547 1229 dicenti
579 1186 681 1228 ‘tibi'
713 1190 767 1228 ait
797 1185 1073 1228 ‘revocamina'
1105 1199 1246 1227 corvus

266 1247 369 1288 tSint
399 1261 540 1300 precor
571 1249 646 1287 ista
677 1247 775 1286 malo
797 1260 806 1286 ε
837 1259 909 1286 nos
928 1258 1072 1285 vanum
1091 1247 1314 1298 spernimus
1334 1256 1449 1285 omen
1462 1240 1486 1297 ,⁹

264 1308 345 1347 Nec
377 1312 560 1358 coeptum
592 1306 753 1345 dimittit
783 1307 888 1358 iter,
920 1305 1156 1356 dominoque
1188 1305 1381 1343 iacentem

267 1366 365 1406 Cum
396 1368 535 1405 iuvene
567 1364 780 1403 Haemonio
812 1364 955 1403 vidisse
988 1362 1182 1402 Coronida
1213 1367 1367 1402 narrat.

179 1433 246 1465 600
266 1424 415 1464 Laurea
448 1424 602 1475 delapsa
633 1429 694 1462 est
720 1422 851 1462 audito
885 1423 1048 1461 crimine
1081 1423 1247 1474 amanti,

266 1483 316 1522 Et
346 1484 493 1534 pariter
524 1481 733 1533 vultusque
765 1481 837 1520 deo
868 1481 1142 1532 plectrumque
1174 1479 1359 1530 colorque

266 1541 450 1581 Excidit.
488 1546 610 1591 utque
643 1541 795 1579 animus
826 1539 974 1579 tumida
1006 1538 1180 1578 fervebat
1211 1537 1258 1577 ab
1289 1540 1370 1590 ira,

266 1603 382 1639 Arma
413 1605 568 1639 assueta
599 1600 702 1651 rapit
731 1598 954 1650 flexumque
986 1610 1006 1636 a
1039 1596 1225 1637 cornibus
1257 1608 1390 1636 arcum

267 1658 409 1698 Tendit
440 1664 480 1698 et
509 1658 574 1697 illa
605 1669 677 1696 suo
709 1658 853 1696 totiens
885 1669 975 1696 eum
1006 1662 1167 1708 pectore
1198 1657 1332 1695 iuncta

180 1726 246 1758 605
267 1717 482 1757 indevitato
514 1717 669 1755 traiecit
699 1722 860 1767 pectora
891 1715 989 1754 telo.

267 1777 347 1815 leta
373 1775 481 1814 dedit
511 1776 699 1826 gemitum
717 1806 728 1827 ,
760 1780 965 1825 tractoque
998 1786 1019 1812 a
1051 1785 1216 1826 corpore
1247 1773 1354 1813 ferro

268 1835 437 1873 Candida
466 1835 634 1885 puniceo
666 1833 840 1885 perfudit
870 1832 1044 1872 membra
1076 1843 1242 1884 cruore,

267 1893 317 1931 Et
348 1893 444 1932 dixit
475 1889 601 1943 ‘potui
631 1904 777 1943 poenas
809 1891 880 1930 tibi
898 1923 909 1944 ,
940 1890 1127 1943 PhoebQ
1158 1890 1337 1943 dedisse5

270 1951 347 1989 Sed
377 1953 578 2002 peperisse
610 1952 749 2002 prius.
788 1949 864 1989 duo
903 1962 1009 1989 nunc
1045 1950 1262 1989 moriemur
1302 1950 1343 1987 in
1374 1943 1489 1988 una.’

181 2017 249 2048 610
270 2009 467 2047 Hactenus
486 2040 497 2061 ,
529 2015 568 2048 et
598 2011 746 2061 pariter
777 2010 894 2047 vitam
926 2021 1015 2047 eum
1047 2009 1235 2060 sanguine
1267 2006 1389 2047 fudit.

271 2067 443 2118 [Corpus
474 2069 588 2106 inane
620 2069 770 2107 animae
802 2067 926 2119 frigus
958 2066 1072 2106 letale
1104 2071 1285 2106 secutum
1311 2071 1372 2105 est
1385 2064 1413 2116 .]

270 2125 448 2164 Paenitet
477 2125 555 2164 heu
587 2138 675 2165 sero
707 2137 856 2177 poenae
888 2125 1059 2165 crudelis
1092 2130 1308 2177 amantem,

273 2184 401 2234 Seque
421 2215 431 2235 ‚
464 2184 567 2234 quod
600 2184 796 2237 audierit,
823 2184 927 2235 quod
959 2186 1016 2223 sic
1047 2185 1267 2236 exarserit,
1298 2183 1402 2222 odit:

231 2294 234 2296 -
273 2242 364 2280 Odit
396 2254 504 2280 avem
524 2273 535 2293 ‚
566 2254 638 2293 per
670 2255 786 2293 quam
812 2245 961 2282 crimen
993 2254 1228 2293 causamque
1260 2240 1416 2280 dolendi

184 2308 250 2340 615
273 2299 382 2339 Scire
416 2307 573 2339 coactus
605 2307 717 2352 erat,
749 2313 821 2340 nec
854 2313 931 2340 non
963 2313 1176 2352 arcumque
1208 2310 1445 2350 manumque
