1518 2501
77 66 131 109 12
308 81 444 104 rra-nou
625 65 843 101 METAMM
852 93 861 102 .

105 186 172 217 400
194 178 292 216 Saxa
306 199 360 205 -—
377 179 464 228 quis
490 177 563 215 hoc
579 175 712 214 credat
729 206 740 227 ,
761 176 836 213 nisi
857 176 908 213 sit
926 186 998 226 pro
1019 180 1119 213 teste
1134 171 1414 214 vetustas?—

191 236 343 275 Ponere
370 236 553 274 duritiem
585 245 750 285 coepere
782 245 976 284 suumque
1008 235 1202 284 rigorem,
1302 241 1334 267 r.
1353 241 1414 268 vii.

192 294 410 344 Mollirique
441 304 580 344 mora,
611 292 836 342 mollitaque
869 291 1014 330 ducere
1048 292 1236 330 formam.

193 352 279 390 Mox
312 352 380 390 ubi
412 356 650 403 creverunt,
683 355 900 401 naturaque
933 351 1064 389 mitior
1096 349 1173 389 illis

193 410 392 462 Contigit,
423 415 467 448 ut
498 408 687 460 quaedam
705 440 717 462 ‚
749 410 805 447 sic
837 421 915 447 non
947 408 1152 447 manifesta
1171 439 1182 460 ,
1212 407 1337 447 videri

105 476 171 508 405
192 468 331 507 Forma
349 473 480 519 potest
499 467 667 506 hominis
684 499 696 519 ,
728 467 796 506 sed
822 469 881 506 uti
901 472 961 506 est
980 466 1027 505 de
1049 478 1243 506 marmore
1264 468 1413 518 coeptis

191 526 277 565 Non
303 532 437 564 exacta
469 527 563 564 satis
594 525 838 577 rudibusque
871 525 1065 564 simillima
1097 526 1242 576 signis.

193 585 299 630 Quae
331 590 462 623 tamen
494 596 542 623 ex
573 584 648 623 illis
679 584 808 634 aliquo
840 596 930 635 pars
962 583 1093 622 umida
1125 595 1220 622 suco

190 642 241 682 Et
271 648 428 681 terrena
460 643 533 682 suit
550 674 561 695 ‚
592 655 704 681 versa
736 648 796 681 est
826 644 867 681 in
900 644 1078 693 corporis
1109 654 1249 682 usum:

192 700 305 746 Quod
337 701 504 740 solidum
535 707 596 740 est
625 701 809 751 flectique
841 702 1007 753 nequit,
1038 705 1213 739 mutatur
1232 702 1273 739 in
1302 712 1414 740 ossa:

104 766 172 798 410
193 759 299 804 Quae
332 759 446 798 modo
478 771 575 798 vena
607 759 680 798 fuit
697 791 708 812 ‚
741 758 814 798 sub
846 759 984 797 eodem
1016 760 1173 797 nomine
1206 761 1371 798 mansit:

191 817 313 869 Inque
345 817 455 856 brevi
485 819 610 869 spatio
642 829 878 868 superorum
909 818 1070 856 numine
1101 829 1192 855 saxa

191 875 308 914 Missa
338 878 411 914 viri
442 876 622 915 manibus
653 877 792 915 faciem
822 882 977 915 traxere
1009 877 1213 928 virorum,

191 934 241 973 Et
266 934 314 973 de
346 935 514 973 femineo
546 940 725 986 reparata
756 940 817 973 est
848 935 992 973 femina
1021 935 1155 973 iactu.

191 992 285 1031 Inde
317 1005 442 1044 genus
474 993 618 1032 durum
649 1005 785 1032 sumus
817 994 1103 1044 experiensque
1135 991 1336 1046 laborum,

104 1058 171 1089 415
191 1050 242 1089 Et
272 1051 506 1090 documenta
537 1051 702 1104 damus,
735 1063 811 1102 qua
842 1053 965 1091 simus
995 1052 1147 1102 origine
1179 1052 1282 1090 nati.

193 1108 333 1148 Cetera
364 1109 529 1148 diversis
560 1110 676 1148 tellus
708 1109 886 1148 animalia
917 1110 1054 1148 formis

194 1167 340 1219 Sponte
373 1180 443 1207 sua
473 1170 656 1220 peperit,
686 1173 894 1219 postquam
925 1173 1038 1207 vetus
1069 1180 1184 1207 umor
1215 1167 1262 1206 ab
1294 1169 1384 1219 igne

192 1226 389 1265 Percaluit
419 1226 541 1279 solis,
573 1238 816 1276 caenumque
849 1226 1026 1277 udaeque
1057 1226 1219 1278 paludes

192 1284 420 1324 Intumuere
452 1290 563 1324 aestu
581 1317 593 1337 ‚
624 1284 869 1335 secundaque
903 1286 1052 1324 semina
1082 1297 1218 1324 rerum

99 1350 167 1382 420
188 1342 317 1382 Vivaci
348 1345 496 1383 nutrita
526 1343 608 1382 solo
626 1375 638 1396 ‚
664 1355 737 1382 ceu
768 1345 903 1382 matris
934 1345 975 1382 in
1007 1343 1090 1382 alvo
1108 1375 1119 1396 ,

194 1400 412 1441 Creverunt
443 1403 660 1453 faciemque
693 1401 860 1452 aliquam
893 1414 1034 1453 cepere
1065 1401 1275 1442 morando.

194 1459 258 1498 Sic
290 1459 358 1499 ubi
389 1461 565 1499 deseruit
595 1460 769 1499 madidos
802 1460 1057 1512 septemfluus
1088 1473 1202 1511 agros

192 1517 303 1557 Nilus
335 1524 375 1558 et
405 1521 565 1570 antiquo
598 1531 668 1558 sua
698 1519 857 1557 flumina
889 1518 1059 1558 reddidit
1089 1519 1222 1572 alveo,

192 1577 455 1629 Aetherioque
486 1590 626 1617 recens
658 1579 803 1616 exarsit
833 1577 961 1616 sidere
992 1577 1132 1631 limus,
1390 1540 1431 1625 Χ

106 1641 173 1672 425
194 1634 367 1674 Plurima
399 1636 572 1675 cultores
602 1638 726 1675 versis
758 1636 936 1675 animalia
967 1636 1114 1687 glaebis

192 1693 401 1733 Inveniunt
418 1726 430 1747 ,
461 1700 501 1733 et
530 1696 571 1733 in
602 1695 663 1733 his
684 1694 873 1745 quaedam
893 1695 1008 1734 modo
1034 1700 1171 1746 coepta
1191 1694 1265 1734 sub
1284 1696 1415 1747 ipsum

192 1751 386 1792 Nascendi
416 1754 614 1806 spatium,
646 1754 835 1804 quaedam
859 1754 1076 1805 inperfecta
1107 1755 1267 1805 suisque

194 1811 351 1850 Trunca
375 1811 509 1850 vident
539 1813 744 1864 numeris,
776 1817 815 1850 et
853 1812 991 1851 eodem
1028 1815 1068 1851 in
1101 1824 1266 1863 corpore
1298 1824 1413 1864 saepe

194 1869 323 1908 Altera
353 1882 444 1921 pars
474 1871 596 1923 vivit,
627 1870 737 1910 rudis
769 1876 829 1909 est
857 1882 950 1922 pars
981 1871 1103 1917 altera
1134 1870 1271 1910 tellus.

106 1935 175 1966 430
195 1927 348 1979 Quippe
379 1928 446 1967 ubi
478 1931 709 1980 temperiem
746 1940 950 1980 sumpsere
982 1941 1174 1981 umorque
1207 1929 1414 1983 calorque,

196 1986 429 2037 Concipiunt
446 2018 457 2039 ‚
489 1993 529 2026 et
559 1987 606 2026 ab
638 1988 698 2026 his
730 1989 913 2026 oriuntur
946 1994 1087 2027 cuncta
1118 1987 1295 2028 duobus.

196 2044 371 2095 Cumque
404 2047 454 2084 sit
484 2047 585 2096 ignis
606 2058 727 2097 aquae
746 2058 902 2098 pugnax
920 2078 932 2099 ‚
962 2059 1081 2099 vapor
1100 2047 1258 2086 umidus
1277 2059 1414 2086 omnes

194 2101 272 2141 Res
304 2109 440 2154 creat,
472 2110 510 2142 et
541 2104 692 2143 discors
725 2105 933 2144 concordia
965 2106 1110 2145 fetibus
1141 2111 1230 2158 apta
1259 2111 1342 2145 est.

194 2160 298 2212 Ergo
330 2161 399 2200 ubi
430 2161 572 2200 diluvio
604 2163 720 2202 tellus
751 2163 944 2203 lutulenta
975 2166 1126 2204 recenti

107 2226 174 2258 435
197 2219 352 2258 Solibus
385 2220 568 2259 aetheriis
601 2221 780 2272 almoque
812 2223 1019 2262 recanduit
1050 2228 1184 2275 aestu,

194 2277 326 2317 Edidit
356 2279 582 2317 innumeras
613 2282 763 2330 species
783 2311 794 2332 ‚
824 2283 1044 2333 partimque
1076 2282 1221 2333 figuras
