1518 2501
72 56 124 96 14
303 65 441 88 numm
618 47 832 84 METAMM
847 73 855 82 .

184 164 368 203 Protinus
402 161 498 200 alter
530 164 659 210 amat3
692 158 791 208 sugit
821 157 941 196 altera
974 169 1117 195 nomen
1149 155 1336 207 amantis,

98 230 164 262 475
187 222 377 261 Silvarum
410 218 582 258 tenebris
615 218 937 267 captivarumque
971 216 1143 254 serarum

183 281 342 320 Exuviis
374 277 545 330 gaudens
578 276 843 326 innuptaeque
876 273 1027 313 aemula
1058 271 1259 312 Phoebes.

184 338 285 379 Vitta
315 336 521 377 coercebat
551 335 700 386 positos
733 334 816 372 sine
848 333 933 384 lege
966 332 1147 384 capillos.

183 397 294 436 Multi
325 396 427 435 illam
458 395 637 446 petiere,
668 392 732 431 illa
764 397 937 431 aversata
968 396 1148 457 petentes

184 456 392 507 Impatiens
425 463 642 504 expersque
675 452 748 489 viri
780 462 986 490 nemorum
1018 451 1100 488 avia
1131 448 1296 500 lustrat,

95 522 163 554 480
182 514 262 553 Nec
283 512 374 564 quid
390 511 540 563 Hymen
554 542 565 564 ‚
585 509 678 561 quid
698 510 817 548 Amor
828 508 953 562 ‚quid
969 510 1048 547 sint
1063 506 1253 559 conubia,
1274 513 1406 546 curat.

185 573 307 624 Saepe
339 576 450 623 pater
482 570 579 609 dixit
611 565 816 620 ‘generum
847 568 972 619 mihi,
1004 567 1109 618 filia,
1141 562 1300 604 debes?

184 631 307 682 Saepe
338 634 450 681 pater
481 628 578 668 dixit
618 624 752 666 ‘debes
785 626 908 679 mihi,
939 632 1057 678 nata,
1089 620 1291 676 nepotes?

183 689 278 741 Illa,
309 688 415 727 velut
446 688 596 726 crimen
629 685 759 724 taedas
792 697 908 724 exosa
940 684 1088 735 iugales

182 746 350 786 Pulchra
381 746 604 785 verecundo
638 743 878 783 suffunditur
909 755 976 781 ora
1009 742 1180 794 rubore,

95 813 162 846 485
182 806 304 857 Inque
336 807 459 857 patris
490 804 641 843 blandis
672 803 840 842 haerens
872 803 1025 841 cervice
1057 801 1213 839 lacertis

185 862 255 904 ‘Da
286 864 382 903 mihi
412 868 602 915 perpetua
620 894 632 915 ‚
663 863 817 913 genitor
849 862 1079 912 carissime,
1081 856 1224 897 'dixit

187 921 432 974 virginitate
459 922 565 961 frui.
599 920 706 959 dedit
737 919 811 958 hoc
842 925 954 971 pater
986 923 1075 957 ante
1108 913 1278 956 Dianae?

183 982 251 1021 Ille
285 981 443 1033 quidem
474 979 734 1031 obsequitur.
773 978 841 1017 sed
875 983 912 1017 te
938 978 1057 1016 decor
1077 978 1151 1015 iste
1172 975 1275 1027 quod
1297 981 1407 1026 optas

184 1040 281 1079 Esse
314 1045 446 1092 vetat,
477 1044 647 1089 votoque
679 1043 746 1076 tuo
779 1042 845 1076 tua
878 1037 1001 1075 forma
1033 1040 1248 1087 repugnat.

95 1107 164 1139 490
183 1098 366 1138 Phoebus
398 1103 528 1150 amat,
560 1099 742 1146 visaeque
775 1096 884 1146 cupit
916 1093 1084 1133 conubia
1114 1093 1320 1144 Daphnes,

185 1157 376 1208 Quodque
397 1157 506 1208 cupit
523 1187 534 1208 ,
567 1160 698 1207 sperat
718 1168 727 1207 3
759 1166 908 1205 suaque
935 1152 1045 1192 illum
1071 1151 1228 1191 oracula
1248 1151 1405 1190 fallunt.

185 1216 315 1267 thue
347 1215 451 1254 leves
484 1214 649 1265 stipulae
682 1213 850 1264 demptis
882 1211 1088 1251 adolentur
1120 1211 1275 1263 aristis,

183 1275 235 1314 Ut
265 1273 415 1313 facibus
447 1285 584 1324 saepes
616 1271 783 1323 ardent,
816 1282 912 1322 quas
944 1271 1047 1309 forte
1079 1270 1203 1308 viator

184 1333 253 1372 Vel
284 1334 400 1371 nimis
432 1331 630 1383 admovit,
661 1330 721 1369 vel
747 1332 823 1369 iam
855 1328 927 1368 sub
960 1328 1047 1368 luce
1079 1327 1268 1379 reliquit3

97 1399 164 1431 495
187 1392 251 1431 Sic
283 1391 380 1431 deus
411 1392 452 1429 in
483 1390 656 1429 flammas
689 1388 811 1440 abiit,
843 1389 900 1427 sic
930 1393 1090 1439 pectore
1123 1392 1206 1425 toto

186 1451 324 1490 Uritur
356 1455 396 1489 et
428 1449 602 1488 sterilem
634 1447 828 1499 sperando
860 1448 986 1486 nutrit
1018 1456 1214 1484 amorem.

187 1509 346 1561 Spectat
376 1509 578 1547 inornatos
611 1506 711 1545 collo
742 1505 916 1557 pendere
949 1504 1140 1556 capillos,

185 1567 235 1606 Et
267 1565 375 1618 ‘quid
394 1598 405 1619 ,
438 1568 471 1606 si
502 1571 707 1605 comantur
726 1561 763 1604 ?'
795 1566 876 1603 ait.
915 1563 1020 1602 videt
1050 1564 1141 1614 igne
1173 1563 1362 1601 micantes

187 1625 394 1665 Sideribus
425 1624 572 1664 similes
604 1623 740 1663 oculos
760 1655 771 1675 ,
802 1622 908 1662 videt
939 1621 1072 1661 oscula
1090 1653 1102 1674 ‚
1135 1633 1234 1672 quae
1265 1633 1344 1659 non

98 1691 165 1724 500
185 1684 256 1724 Est
286 1684 429 1723 vidisse
461 1685 583 1735 satis;
615 1682 745 1721 laudat
775 1681 996 1733 digitosque
1028 1692 1246 1731 manusque

184 1743 449 1794 Bracchiaque
482 1748 522 1781 et
552 1741 679 1780 nudos
712 1740 838 1780 media
868 1740 957 1792 plus
988 1744 1098 1791 parte
1130 1738 1322 1778 lacertos:

187 1801 307 1853 Siqua
338 1802 489 1854 latent,
520 1800 682 1839 meliora
714 1805 854 1851 putat.
892 1799 992 1850 sugit
1023 1799 1131 1837 ocior
1163 1809 1257 1836 aura

185 1859 254 1899 Illa
284 1860 388 1913 levi,
419 1871 547 1911 neque
580 1858 627 1898 ad
658 1858 754 1897 haec
786 1855 1156 1910 revocantis—werhen
1186 1856 1357 1894 resistit:

187 1915 378 1970 ‘Nympha
397 1950 408 1971 ‚
426 1929 568 1970 precor
586 1949 598 1970 ‚
617 1917 738 1956 Penei
756 1949 767 1969 ‚
787 1928 900 1955 mane
921 1915 930 1955 1
957 1927 1035 1954 non
1055 1916 1244 1966 insequor
1263 1913 1411 1953 hostis:

100 1983 167 2016 505
187 1976 363 2028 Nympha
382 2009 393 2029 ‚
424 1975 565 2016 mane!
598 1977 654 2016 sic
687 1988 783 2027 agna
815 1975 951 2027 lupum
969 2006 980 2027 ,
1012 1976 1069 2014 sie
1101 1985 1216 2013 cerva
1234 1972 1411 2025 leonem,

189 2035 253 2073 Sic
285 2035 451 2086 aquilam
482 2047 609 2086 penna
641 2035 798 2086 fugiunt
828 2033 1048 2086 trepidante
1080 2031 1307 2084 columbae,

187 2093 330 2132 Hostes
362 2106 540 2145 quaeque
567 2105 659 2132 suos
680 2124 689 2132 .
727 2105 836 2132 amor
867 2098 928 2132 est
946 2092 1042 2131 mihi
1062 2103 1178 2131 causa
1198 2089 1411 2141 sequendi.

187 2151 248 2190 Me
280 2151 497 2191 miserum!
530 2164 578 2191 ne
610 2164 734 2204 prona
766 2151 880 2191 cadas
899 2183 910 2204 ,
941 2151 1151 2202 indignave
1182 2148 1283 2188 laedi

188 2209 313 2249 Crura
345 2216 484 2250 notent
515 2215 646 2249 sentes
665 2241 677 2262 ‚
708 2216 748 2250 et
779 2212 853 2249 sim
885 2209 957 2250 tibi
989 2221 1106 2249 causa
1137 2207 1305 2246 doloris.

102 2275 169 2309 510
189 2268 336 2321 Aspera
355 2300 366 2321 ,
397 2281 473 2321 qua
504 2280 692 2321 properas
711 2300 723 2322 ,
754 2268 838 2308 loca
859 2274 952 2308 sunt
971 2299 980 2308 .
1019 2267 1259 2308 moderatius
1279 2297 1290 2319 ,
1320 2277 1413 2318 oro,
