1538 2496
133 107 215 149 228
366 117 520 140 ALCYONJ:
680 99 855 135 METAM
857 99 894 133 M
908 125 916 133 .
1492 0 1538 252 ᾗ

163 227 227 257 420
250 216 511 267 singultuque
543 214 625 264 pias
657 213 970 261 interrumpente
1004 207 1196 260 querellas

249 274 371 321 ‘Quae
404 285 488 312 mea
521 271 633 322 culpa
666 276 771 308 tuam
791 265 817 321 ,²
849 268 946 307 dixit
978 265 1195 306 ‘carissime
1214 298 1225 319 ‚
1256 271 1429 306 mentem

249 330 414 372 Vertit?
446 330 512 369 ubi
545 336 633 382 est,
665 340 764 379 quae
797 339 890 366 cura
922 328 998 365 mei
1029 328 1139 378 prior
1171 337 1257 364 esse
1290 322 1472 364 solebat?

1509 225 1525 261 f

1508 264 1521 282 ι’

251 393 328 431 Iam
361 396 472 442 potes
504 388 673 439 Alcyone
706 398 871 426 securus
903 385 1039 424 abesse
1070 381 1246 424 relicta?
1513 254 1538 412 3

250 452 329 489 lam
360 451 418 487 via
451 448 563 498 longa
595 447 722 498 placet
740 443 761 484 P
799 447 875 484 iam
911 456 998 484 sum
1029 443 1102 483 tibi
1133 444 1261 482 carior
1293 442 1433 482 absens
1453 439 1474 481 Ῥ

167 518 231 549 4⁶25
252 511 300 548 At
318 541 329 561 ‚
360 513 486 560 puto,
518 518 589 557 per
621 512 747 545 terras
779 506 855 543 iter
887 509 976 555 est,
1007 508 1238 553 tantumque
1270 500 1433 554 dolebo,
1519 550 1522 555 Ι

249 568 335 606 Non
369 568 485 605 etiam
517 570 717 617 metuam,
750 575 947 613 curaeque
978 563 1120 600 timore
1153 559 1366 599 carebunt.
1523 556 1525 558 ’

250 627 430 677 Aequora
463 636 524 663 ine
556 628 708 662 terrent
739 628 779 661 et
809 623 920 673 ponti
950 622 1075 660 tristis
1106 621 1257 671 imago,
1519 559 1538 707 ³

250 685 300 723 Et
330 685 478 723 laceras
511 694 638 734 nuper
670 681 819 720 tabulas
851 682 891 719 in
923 680 1037 718 litore
1069 679 1170 730 vidi,

251 743 301 782 Et
332 755 447 794 saepe
478 744 518 780 in
551 740 712 780 tumulis
744 742 828 778 sine
861 750 1027 789 corpore
1059 738 1216 776 nomina
1247 736 1347 788 legi.
1536 757 1538 759 ·

166 812 231 843 430
251 803 355 841 Neve
388 807 500 840 tuum
532 800 645 839 fallax
677 800 850 839 animum
881 797 1023 836 fiducia
1054 801 1211 848 tangat,
1532 807 1538 849 :j

253 861 366 907 Quod
398 872 511 899 socer
543 858 782 910 Hippotades
813 856 885 895 tibi
917 857 996 908 sit,
1029 857 1096 906 qui
1128 867 1288 894 carcere
1319 854 1444 893 fortes
1531 854 1538 879 Ρ

254 920 462 960 Contineat
492 923 630 956 ventos
648 949 659 970 ‚
692 922 759 969 et,
792 927 882 954 cum
913 914 1035 967 velit,
1067 925 1239 965 aequora
1268 913 1419 965 placet.

255 979 353 1018 Cum
385 977 506 1017 semel
538 977 671 1015 emissi
702 979 918 1014 tenue-runt
949 985 1120 1024 aequora
1150 973 1280 1025 venti,

254 1037 315 1076 Nil
347 1036 422 1075 illis
454 1037 618 1074 vetitum
651 1039 739 1086 est,
770 1031 1160 1082 incommendataque
1193 1031 1309 1070 tellus

167 1105 232 1137 435
254 1096 391 1135 Omnis
409 1126 420 1147 ‚
453 1101 492 1133 et
518 1106 630 1132 omne
659 1093 804 1132 fretum
825 1123 832 1130 .
871 1091 968 1130 caeli
999 1102 1157 1142 quoque
1183 1089 1317 1128 nubi-la
1341 1094 1483 1129 vexant

254 1155 549 1204 Excutiuntque
582 1153 676 1190 feris
708 1151 847 1190 rutilos
880 1148 1140 1188 concursibus
1170 1150 1304 1200 ignes.

255 1214 341 1259 Quo
373 1213 496 1263 magis
527 1211 599 1249 hos
631 1211 750 1263 novi,
777 1231 831 1236 —
859 1220 949 1248 nam
980 1209 1072 1247 novi
1102 1212 1143 1246 et
1173 1219 1288 1259 sawe
1319 1211 1483 1259 paterna

254 1272 377 1311 Parva
409 1271 523 1309 domo
556 1269 634 1308 vidi
666 1291 721 1296 —
754 1269 876 1319 magis
913 1267 988 1306 hoc
1023 1278 1115 1306 reor
1146 1278 1233 1305 esse
1263 1265 1482 1305 timendos.

257 1330 369 1377 Quod
402 1335 468 1368 tua
501 1330 534 1367 si
565 1328 670 1366 flecti
700 1326 886 1379 precibus
918 1326 1113 1365 sententia
1143 1324 1286 1378 null-is,

170 1398 236 1429 440
257 1390 355 1428 Care
374 1420 385 1441 ,
416 1393 576 1439 potest,
609 1388 779 1426 coniunx
798 1417 809 1439 ‚
841 1386 1084 1436 nimiumque
1110 1395 1154 1422 es
1182 1389 1316 1423 certus
1341 1382 1485 1435 eundi,

256 1448 316 1487 Me
350 1459 507 1498 quoque
539 1445 631 1484 tolle
663 1444 808 1484 simul.
847 1449 954 1483 certe
986 1442 1221 1482 iactabimur
1252 1454 1355 1495 una,

257 1506 338 1545 Nec
370 1507 447 1544 nisi
479 1516 577 1556 quae
610 1505 764 1555 patiar,
796 1508 997 1554 metuam3
1028 1502 1256 1553 pariterque
1288 1501 1486 1552 feremus,

259 1563 455 1615 Quicquid
488 1564 592 1614 erit3
630 1563 778 1614 pariter
809 1572 929 1613 super
961 1571 1132 1611 aequora
1162 1559 1239 1607 lata
1271 1559 1446 1598 feremur
1461 1556 1485 1598 .'

258 1622 418 1662 Talibus
450 1621 620 1660 Aeolidis
653 1621 767 1659 dictis
798 1620 1049 1670 lacrimisque
1082 1623 1269 1658 movetur?

172 1691 238 1722 445
261 1682 448 1721 Sidereus
468 1681 662 1719 coniunx:
688 1688 816 1730 neque
844 1679 948 1717 enim
967 1679 1097 1716 minor
1116 1678 1218 1728 ignis
1236 1678 1278 1716 in
1296 1678 1383 1729 ipso
1404 1682 1486 1716 est.
1518 1681 1523 1686 '

262 1740 338 1779 Sed
371 1751 500 1790 neque
532 1739 757 1789 propositos
789 1736 915 1789 pelagi
947 1736 1146 1775 dimittere
1179 1747 1345 1788 cursus,

260 1800 341 1838 Nec
372 1798 455 1837 vult
485 1797 683 1849 Alcyonen
714 1798 755 1835 in
786 1801 937 1847 partem
970 1794 1155 1840 adhibere
1186 1793 1349 1847 pericli3

260 1857 459 1908 Multaque
491 1855 696 1907 respondit
725 1854 906 1898 timidum
938 1853 1102 1893 solantia
1131 1858 1294 1905 pectus.

261 1916 347 1954 Non
378 1921 509 1954 tamen
541 1914 688 1953 idcirco
721 1924 877 1952 causam
909 1911 1077 1964 probat.
1116 1911 1263 1951 addidit
1293 1910 1370 1950 illis
1427 1951 1432 1955 ,

176 1982 243 2015 450
262 1974 346 2013 Hoc
378 1985 533 2024 quoque
566 1973 736 2012 lenimen
756 2004 767 2024 ‚
799 1983 876 2022 quo
909 1970 990 2009 solo
1022 1970 1131 2010 flexit
1162 1975 1380 2010 amantem:

265 2030 410 2082 ‘Longa
443 2031 695 2083 quidem.est
726 2029 838 2069 nohis
871 2031 997 2068 omnis
1028 2040 1167 2068 mora:
1199 2027 1267 2068 sed
1298 2027 1371 2068 tibi
1401 2029 1490 2068 iuro

264 2091 341 2129 Per
373 2092 520 2141 patrios
551 2092 692 2142 ignes,
724 2090 757 2128 si
789 2100 850 2128 me
882 2087 998 2127 modo
1030 2088 1107 2127 fata
1137 2088 1364 2140 remittent,

266 2149 364 2187 Ante
397 2160 650 2187 reversurum
668 2180 680 2200 ,
713 2159 829 2199 quam
854 2143 952 2186 luna
983 2146 1044 2185 bis
1075 2145 1236 2198 impleat
1267 2145 1404 2185 orbem
1417 2141 1443 2185 .'

265 2206 335 2245 His
368 2205 436 2245 ubi
466 2208 670 2257 promissis
703 2218 794 2258 spes
826 2211 887 2245 est
918 2205 1072 2260 admota
1102 2216 1314 2257 recursus,

179 2273 246 2304 455
266 2265 453 2304 Protinus
486 2264 665 2303 eductam
698 2263 898 2304 navalibus
930 2275 1100 2315 aequore
1132 2264 1295 2316 tingui,-

267 2324 479 2375 Aptarique
512 2324 594 2362 suis
624 2324 762 2374 pinum
793 2322 904 2362 iubet
934 2323 1209 2362 armamentis.
