1527 2580
537 124 622 160 VIII
640 152 649 169 ,
675 129 860 161 eil—882
878 153 884 159 .
1027 140 1160 162 nerlu
1297 128 1375 169 1'1'3

159 232 254 273 Filia
285 233 480 286 restabat,
513 246 589 273 non
622 234 686 274 illo
719 235 833 287 digna
865 242 1050 287 parente.

159 291 268 331 Hanc
287 304 442 344 quoque
463 293 594 332 vendit
615 295 750 345 inops.
771 294 972 333 dominum
993 306 1182 346 generosa
1204 304 1376 340 recusat,

159 349 209 389 Et
240 352 364 390 vicina
396 363 486 390 suas
518 351 682 390 tendens
714 365 833 404 super
865 365 1033 404 aequora
1065 353 1209 404 palmas

73 416 140 448 850
161 405 188 424 ‘
191 408 309 461 Eripe
342 422 404 449 me
436 409 624 462 domino,
657 412 723 461 qui
755 417 886 462 raptae
918 413 1088 462 praemia
1121 411 1233 451 nobis

161 467 400 535 virginitatis
432 465 582 507 babes”
616 470 694 507 ait.
734 469 828 508 haec
860 469 1065 521 Neptunus
1097 470 1282 509 habebat

159 517 235 572 Ou‘l
266 538 385 578 prece
417 539 494 566 non
528 533 657 578 spreta
676 559 687 580 ,
720 530 894 579 quamvis
925 528 1039 567 modo
1071 530 1151 567 visa
1183 532 1360 580 sequenti

160 583 275 624 Esset
293 597 362 624 ero
374 586 647 653 ‚formamque
669 593 783 625 novat
802 586 1029 637 vultumque
1044 587 1234 626 virilemt
1248 595 1377 622 oxxxffl

161 643 319 695 Induit,
350 649 391 683 et
421 643 551 684 cultus
583 646 711 696 pisces
743 645 987 697 capientibus
1020 652 1151 697 aptos.

73 709 140 740 855
161 700 270 741 Hanc
301 701 483 742 dominus
515 709 697 755 spectans
730 700 784 741 “o
818 705 885 755 qui
916 704 1125 755 pendentia
1156 715 1274 756 parvo

160 762 257 799 Aera
289 760 376 800 cibo
409 761 540 814 celas,
572 761 794 801 moderator
825 762 1055 801 harundinis
1073 759 1099 815 ,’
1131 763 1258 814 inquit

162 816 243 858 ‘Sic
275 831 382 859 mare
415 822 705 873 compositum,
737 822 794 860 sio
825 823 877 859 sit
907 820 976 859 tibi
1008 823 1126 872 piscis
1158 823 1197 860 in
1230 821 1331 860 unda

161 877 353 918 Credulus
371 910 382 930 ,
414 884 454 918 et
484 879 642 931 nullos,
673 881 749 919 nisi
780 880 878 918 fixus
897 911 908 932 ,
940 881 1081 919 sentiat
1111 879 1269 918 hamos:

162 935 268 982 Quae
295 937 410 976 modo
443 949 533 977 cum
565 937 630 976 vili
661 937 827 977 turbatis
854 943 960 976 veste
993 938 1141 989 capillis

72 1002 140 1034 860
160 994 291 1035 Litore
324 997 363 1034 in
396 995 470 1035 hoc
501 1001 693 1048 steterat,
725 1008 813 1035 nam
851 1002 1019 1035 stantem
1057 998 1096 1035 in
1134 996 1247 1035 litore
1281 996 1378 1046 vidi,

161 1053 229 1093 Dic
261 1053 330 1094 ubi
360 1055 440 1094 sit:
471 1066 600 1105 neque
631 1056 736 1094 enim
766 1056 926 1106 vestigia
957 1054 1110 1106 longius
1141 1051 1327 1094 extant.”

160 1111 226 1151 1113
257 1112 320 1152 dei
351 1125 494 1152 munus
526 1112 626 1153 bene
659 1113 799 1153 cedere
833 1115 986 1165 sensit,
1019 1119 1058 1152 et
1088 1125 1108 1152 a
1141 1126 1181 1152 se

162 1170 211 1210 Se
244 1173 379 1222 quaeri
411 1171 613 1222 gaudens,
645 1171 706 1210 his
738 1178 798 1211 est
829 1178 1008 1211 resecuta
1040 1179 1265 1223 rogantem:

161 1226 380 1281 “Quisquis
413 1242 455 1269 es
473 1262 484 1282 ,
515 1232 724 1282 ignoscas;
754 1231 795 1269 in
827 1229 970 1269 nullam
1001 1229 1147 1269 lumina
1177 1236 1328 1282 partem

73 1295 140 1327 865
161 1287 323 1340 Gurgite
357 1287 403 1327 ab
436 1288 510 1327 hoc
541 1288 660 1340 flexi,
693 1288 901 1339 studioque
934 1294 1118 1340 operatus
1149 1288 1321 1327 inhaesi.

161 1346 327 1398 Quoque
360 1348 490 1386 minus
523 1346 679 1386 dubites
698 1379 709 1399 ,
741 1348 797 1386 sic
835 1347 904 1385 has
935 1346 1032 1386 deus
1064 1348 1245 1398 aequoris
1278 1352 1379 1386 artes

160 1405 349 1458 Adiuvet,
381 1411 425 1445 ut
455 1417 570 1445 nemo
603 1405 813 1445 iandudum
846 1405 961 1444 litore
993 1407 1032 1444 in
1063 1406 1162 1458 isto,

160 1464 221 1503 Me
251 1470 383 1503 tamen
415 1469 579 1516 excepto
598 1496 609 1517 ,
640 1476 714 1503 nec
746 1465 888 1503 femina
921 1465 1097 1502 constitit
1127 1460 1259 1503 ulla.''

162 1521 364 1575 Credidit,
395 1529 436 1562 et
465 1535 579 1562 verso
611 1522 792 1562 dominus
823 1522 922 1574 pede
953 1523 1097 1574 pressit
1127 1522 1335 1574 harenam,

75 1588 142 1621 870
162 1580 387 1632 Elususque
420 1580 543 1621 abiit.
581 1581 636 1620 illi
668 1593 737 1621 sua
768 1581 919 1620 reddita
951 1581 1074 1620 forma
1106 1588 1187 1620 est.

162 1641 231 1679 Ast
261 1639 330 1679 ubi
361 1639 506 1679 habere
539 1652 648 1679 suam
681 1641 931 1679 transformia
963 1651 1128 1691 corpora
1159 1641 1304 1690 sensit,

165 1698 288 1750 Saepe
319 1704 432 1750 pater
463 1698 630 1738 dominis
662 1698 871 1749 Triopeida
903 1697 1048 1737 tradit.
1093 1703 1130 1736 at
1161 1697 1222 1736 illa

163 1756 274 1796 Nunc
294 1769 418 1809 equa,
437 1769 542 1796 nunc
563 1756 665 1809 ales,
685 1756 800 1796 modo
820 1755 890 1795 bos
903 1787 915 1809 ,
934 1755 1049 1795 modo
1069 1768 1209 1795 cervus
1229 1755 1381 1807 abibat,

160 1815 456 1867 Praebebatque
489 1815 598 1854 avido
630 1827 708 1853 non
739 1816 840 1853 iusta
873 1813 1052 1853 alimenta
1084 1816 1258 1865 parenti.

74 1881 141 1913 875
161 1873 227 1914 Vis
258 1880 388 1914 tamen
419 1874 483 1913 illa
514 1873 603 1912 mali
634 1880 840 1925 postquam
872 1878 1168 1924 consumpserat
1198 1885 1352 1912 omnem

161 1932 393 1985 Materiam,
424 1932 663 1984 dederatque
695 1933 803 1984 gravi
834 1943 932 1970 nova
962 1930 1102 1983 pabula
1134 1930 1295 1983 morbo,

162 1991 249 2043 lpse
281 2003 374 2031 suos
405 1997 513 2031 artus
545 1991 674 2030 lacero
706 1989 889 2029 divellere
921 2001 1054 2029 morsu

165 2049 331 2102 Coepit,
362 2055 402 2089 et
432 2050 567 2089 infelix
593 2049 803 2089 minuendo
836 2060 979 2100 corpus
1011 2047 1159 2087 alebat.

164 2107 265 2154 Quid
295 2119 429 2148 moror
460 2110 633 2147 externis
653 2106 675 2147 ⁶?
706 2109 821 2147 etiam
854 2107 947 2146 mihi
979 2119 1093 2159 saepe
1125 2107 1292 2146 novandi
1324 2113 1383 2146 est

74 2173 143 2207 880
164 2166 349 2219 Corporis
367 2198 379 2219 ‚
410 2179 433 2206 o
464 2168 625 2206 iuvenes
644 2198 655 2219 ,
687 2178 851 2205 numero
883 2166 991 2205 finita
1022 2171 1218 2218 potestas.

164 2225 260 2265 Nam
291 2225 407 2265 modo
439 2227 507 2277 qui
538 2237 643 2265 nunc
675 2237 762 2264 sum
793 2224 957 2264 videor:
988 2224 1102 2263 modo
1134 2224 1272 2264 flector
1302 2226 1340 2263 in

1194 2295 1382 2334 anguem:

163 2343 338 2383 Armenii
369 2342 483 2382 modo
516 2342 594 2382 dux
626 2343 728 2382 vires
759 2344 798 2381 in
831 2353 977 2381 cornua
1008 2353 1143 2393 sumo;
