1507 2580
1237 107 1357 142 XLIII

10 222 107 260 sunt
142 202 317 269 aptiores
354 219 562 268 proximis,
606 231 703 268 quos
749 219 903 268 spurios
942 218 1088 257 notavi.
1145 230 1236 255 nam
1274 221 1297 256 7
1305 220 1356 255 ‘23

12 278 216 329 verbosus,
245 279 321 317 mei
353 278 434 316 722
469 289 652 315 scaevum
683 289 754 315 nec
778 277 971 315 tuendum
999 289 1046 314 ex
1077 285 1093 314 1
1115 278 1169 314 30
1202 285 1252 313 111
1273 278 1357 313 464

13 345 81 376 vn
101 338 204 386 745,
242 337 276 375 si
312 336 377 375 vel
413 337 558 374 amoris
594 335 734 373 haberi
770 337 898 385 possit
929 335 1082 374 scribae
1112 335 1154 372 M
1184 335 1225 372 in
1256 335 1359 372 clau-

12 395 103 434 sula
126 394 294 434 evanida
312 394 647 444 supplementum:
683 395 779 443 733,
808 396 892 433 734
925 394 1022 432 sat—is
1048 393 1227 431 absurdi:
1262 394 1359 441 739,

15 455 101 493 740
142 454 209 503 qui
244 453 403 491 infersit
434 452 701 500 hemistichia,
733 465 781 490 ne
813 453 1014 502 perspexit
1045 451 1222 501 quidem,
1253 451 1358 489 fores

12 512 194 562 pulsatas
232 511 309 550 dici
345 511 529 560 pedibus,
566 514 612 549 ut
649 511 803 549 soleant
840 511 1040 560 manibus,
1079 519 1109 548 v
1129 511 1226 548 448.

15 567 101 609 765
131 578 291 609 FORMA
321 577 442 608 DEUS
475 577 598 607 ACTA
629 577 794 608 smum.
838 572 966 617 forma
985 571 1077 608 deus
1101 571 1215 616 aptus
1235 563 1360 619 (actus

13 630 56 668 in
86 641 225 679 marg,
256 629 394 667 eadem
425 641 556 678 manu,
586 630 632 666 ut
662 622 780 679 puto)
819 629 915 666 anili
946 628 997 666 M.
1054 629 1146 666 deus
1177 630 1289 675 aptus
1319 628 1361 664 in

12 699 143 726 omnes
179 687 212 726 E
250 690 291 726 et
327 687 481 736 reliqui.
543 687 690 736 scriba,
734 687 802 736 qui
837 699 865 724 u
900 699 972 735 pro
1012 699 1055 735 a,
1092 698 1225 724 errore
1263 685 1360 723 satis

12 747 123 785 facili
163 746 206 784 in
248 746 456 795 scripturis
498 746 783 794 merovingica,
832 745 1134 794 longobardica,
1185 743 1360 792 dederat,

13 805 131 843 facile
156 805 254 844 anili
283 804 450 854 induxit,
482 804 586 853 quod
611 804 918 853 interpolatores
944 804 1158 842 noluerunt
1178 803 1361 841 versibus

13 864 213 902 continuis
249 863 388 912 repeti.
449 865 535 900 acta
570 864 697 910 forma
733 863 846 901 senili
881 863 1030 900 dictum
1068 862 1146 899 suit,
1182 873 1206 898 a
1242 862 1362 910 poeta

14 924 62 960 ut
91 930 140 961 Vl
159 922 243 960 468
275 923 478 960 revertitur
499 920 563 958 Ad
593 922 779 959 mandata
796 921 978 968 Prognes,
1010 923 1044 958 et
1074 922 1153 968 ayit
1177 931 1251 958 sua
1274 921 1363 957 vota

14 981 85 1020 sub
121 981 202 1019 illa.
255 991 328 1018 nec
364 979 509 1018 offendi
545 991 618 1028 par
655 980 718 1018 est
752 980 796 1018 in
830 980 942 1018 senili
977 979 1187 1028 utriusque
1226 989 1362 1016 sexus:

16 1039 146 1078 simile
172 1040 235 1077 est
264 1047 295 1077 v
315 1040 400 1076 400
424 1039 642 1086 puerilibus
671 1050 744 1087 pro
769 1038 1024 1086 puellaribus.
1162 1036 1246 1075 Alii
1275 1048 1363 1086 pro-

15 1098 179 1136 fuerunt
220 1098 311 1136 huic
351 1097 472 1147 libro,
513 1110 551 1135 v.
573 1098 625 1135 66
658 1096 865 1146 Heinsius,
910 1098 963 1135 95
997 1095 1233 1145 Salmasius,
1279 1095 1361 1133 169

16 1156 258 1207 Naugerius,
302 1156 385 1194 288
420 1155 634 1204 Gruterus,
679 1157 762 1194 325
796 1155 1076 1204 Capoferreus,
1116 1155 1198 1192 622
1231 1153 1363 1192 nescio

16 1216 117 1265 quis.
179 1228 227 1254 ex
259 1215 292 1253 E
332 1214 437 1252 edidi
467 1227 530 1253 vv.
556 1216 580 1252 5
619 1214 742 1262 Rheyz
771 1226 853 1252 var.
887 1225 960 1251 scr.
988 1215 1012 1251 8
1049 1215 1101 1251 13
1138 1214 1191 1250 14
1226 1213 1280 1250 20
1311 1211 1365 1249 At

36 1273 104 1313 M?
173 1275 227 1312 27
261 1274 314 1312 31
350 1274 404 1311 32
436 1273 525 1311 Neu
556 1267 660 1324 (M?)
711 1274 766 1310 44
800 1274 854 1310 49
890 1273 942 1310 55
977 1273 1031 1310 59
1067 1273 1118 1309 61
1152 1282 1230 1309 non
1267 1271 1364 1309 cred.

37 1331 105 1371 M?
175 1333 229 1371 92
257 1332 430 1371 admissa
449 1326 553 1384 (ΜΡ)
604 1332 657 1370 93
683 1331 737 1369 Iu
762 1332 929 1378 deforme
954 1324 1057 1382 (M‘e)
1104 1331 1156 1368 96
1193 1331 1244 1368 97
1282 1331 1363 1367 127

19 1391 103 1430 129
124 1385 229 1442 (MP)
287 1392 367 1430 131
409 1391 492 1441 155
535 1391 615 1436 162
658 1391 740 1428 173
782 1391 863 1428 206
910 1391 993 1427 214
1035 1390 1115 1427 219
1157 1390 1239 1442 225
1281 1388 1363 1425 232

19 1450 471 1497 2331ami—Zestriyonis
514 1450 597 1487 236
633 1449 715 1487 237
752 1450 834 1487 254
869 1449 950 1486 262
987 1448 1083 1496 268,
1106 1448 1187 1485 272
1210 1446 1260 1484 ad
1281 1447 1364 1485 307

19 1510 102 1547 327
124 1509 286 1556 fontana
304 1503 409 1560 (MP)
466 1509 550 1546 330
571 1508 752 1555 farsurus
769 1502 874 1558 (Me)
928 1508 1009 1544 357
1045 1507 1127 1544 359
1163 1506 1248 1544 360
1281 1506 1363 1543 361

19 1568 104 1606 365
147 1568 230 1606 377
274 1567 358 1605 384
403 1567 487 1605 386
532 1568 615 1604 411
659 1567 743 1604 431
787 1567 871 1603 435
914 1566 999 1603 445
1043 1566 1124 1603 509
1168 1565 1251 1602 513
1277 1564 1365 1611 plu-

20 1627 202 1674 teciosque
220 1620 326 1677 (MP)
378 1627 459 1664 519
503 1626 584 1663 521
631 1625 714 1662 524
746 1635 836 1663 suco
868 1624 977 1662 liceat
1025 1625 1108 1661 561
1153 1624 1234 1661 571
1281 1623 1364 1660 574

19 1685 105 1723 582
146 1685 228 1722 589
268 1685 353 1723 594
373 1685 462 1723 cael.
487 1697 592 1722 mun.
644 1684 728 1721 600
767 1684 851 1721 630
874 1682 981 1720 utM
1021 1683 1103 1719 646
1151 1682 1236 1720 670
1281 1682 1364 1718 679

21 1743 107 1782 680
153 1744 233 1781 711
282 1744 364 1781 731
412 1744 495 1782 790
542 1743 637 1782 798.

137 1796 245 1839 LIB.
275 1796 358 1840 XV
394 1814 432 1840 v.
465 1798 519 1839 73
563 1809 733 1840 munus
779 1809 910 1848 Quum
954 1807 1151 1838 TALIBUS
1196 1806 1365 1837 ORA—-.

17 1862 170 1909 primus
200 1871 344 1908 quoque
373 1860 483 1898 libri:
522 1860 626 1910 quod
656 1860 826 1899 maxime
858 1859 1038 1902 offendit,
1072 1859 1106 1897 si
1135 1858 1249 1896 initio
1280 1870 1363 1896 ver-

21 1931 88 1958 sus
120 1931 209 1957 cum
238 1918 403 1958 Heinsio
434 1917 576 1957 Arcuit
606 1920 822 1968 scribatur,
860 1930 936 1967 quo
969 1917 1074 1967 quod
1106 1916 1365 1967 significatur,

20 1979 153 2027 ipsum
181 1978 364 2017 versibus
386 1979 438 2016 75
472 1977 523 2015 ad
544 1979 596 2016 89
630 1978 746 2027 inest,
777 1979 824 2014 ut
852 1977 983 2014 desint
1013 1976 1142 2026 plane,
1175 1987 1275 2025 quae
1295 1987 1366 2024 per

20 2047 165 2085 queque
195 2037 441 2085 copulentur.
502 2036 645 2084 Aryuib
676 2036 906 2075 summatim
937 2047 984 2073 ex
1015 2035 1194 2073 oratione
1219 2033 1365 2084 Pytha-

22 2107 143 2145 gorae
175 2094 368 2143 anticipat
397 2095 449 2144 id,
482 2095 587 2144 quod
617 2094 849 2133 inserendae
875 2105 1036 2132 causam
1059 2093 1257 2142 praebuit,
1288 2105 1365 2130 non

20 2155 153 2203 ipsum
193 2153 462 2203 interdictum,
506 2153 575 2191 sed
611 2154 808 2191 rationem
844 2153 950 2203 eius,
991 2151 1365 2201 metempsychosin,

21 2225 98 2262 quo
131 2213 313 2261 spectant
343 2212 413 2249 illa
443 2213 553 2250 docta
582 2213 648 2250 sed
677 2223 755 2250 nou
785 2213 938 2250 credita.
995 2211 1064 2249 sed
1096 2212 1160 2249 vel
1191 2210 1247 2248 sic
1277 2222 1365 2248 con-

21 2271 221 2320 iungenda
252 2272 345 2309 su‘nt
362 2270 506 2318 Arquit
536 2271 577 2308 et
606 2271 727 2320 solvit,
757 2271 822 2308 cui
851 2271 911 2308 rei
941 2270 1108 2308 inservit
1140 2269 1243 2318 quod
1275 2268 1362 2307 dedi

21 2342 148 2379 quum
198 2330 390 2379 scriptum
425 2329 549 2368 fuerit
585 2329 796 2379 aliquando
828 2341 957 2378 quom,
991 2330 1038 2366 ut
1067 2328 1217 2377 passim
1247 2326 1294 2364 fit
1323 2327 1365 2364 in
