1518 2501
87 74 188 111 XXII

88 186 134 224 de
174 186 315 236 quibus
352 185 393 223 in
431 184 554 234 praef.
593 183 748 233 proecd.
780 196 817 232 p.
836 191 867 222 v
899 182 1028 221 obiter
1066 181 1271 233 adnotavi,
1306 183 1422 232 puta-

86 244 178 282 bam
208 255 342 283 vocem
373 244 414 281 in
445 245 618 282 extremo
649 254 769 281 versu
800 241 1008 281 evanidam
1039 241 1266 290 suppletam
1296 241 1422 280 ascita

85 303 222 352 glossa
275 303 408 352 aliqua
456 314 477 340 e
524 301 716 350 margine.
784 300 958 349 ascripta
1010 300 1135 338 fuisse
1189 299 1422 349 suspicabar

86 361 208 399 verba
238 374 274 399 v.
296 362 377 399 175
416 371 496 408 exp.
527 361 653 399 maius
690 360 784 398 dare
819 370 960 398 ‘mamus
995 359 1134 407 Iason,
1178 357 1330 397 scilicet
1371 358 1420 396 ad

86 420 366 458 illustrandum
396 430 555 465 muna&
592 421 639 457 ut
667 418 768 457 talia
805 418 1005 467 adscripta
1042 417 1139 456 adeo
1170 417 1214 455 in
1243 416 1421 456 ordinem

86 481 246 527 recepta
285 478 462 516 videmus
506 478 548 515 in
584 477 659 515 ML
702 476 806 515 infra
848 479 939 526 post
978 477 1079 527 293,
1116 483 1185 514 XII
1207 477 1303 526 192,
1341 483 1422 514 XIV

89 538 170 575 768
210 531 275 588 (ex
306 545 352 574 vl
375 531 490 587 309).
551 538 816 575 commentum
852 536 984 584 ipsum
1021 535 1054 573 si
1090 535 1209 584 paulo
1240 536 1423 584 praestat

85 595 160 644 eis,
198 606 296 644 quae
334 595 396 632 hic
428 594 575 645 scriba,
607 595 789 644 quotiens
821 596 891 632 aut
920 595 1006 643 ipse
1037 594 1233 643 peccavit,
1264 594 1335 631 aut
1365 593 1422 630 in-

85 655 216 692 certus
248 654 393 703 haesit,
432 654 697 704 consarcinat,
735 665 813 692 non
844 653 997 691 excedit
1027 654 1133 691 certe
1164 651 1422 701 interpolato-

83 724 172 749 rum
210 724 343 750 eorum
382 712 610 761 artificium,
649 724 817 762 quorum
852 713 915 750 tot
946 723 1085 750 versus
1123 711 1166 749 in
1195 710 1237 749 M
1268 712 1421 749 extant:

83 772 202 819 poeta
243 771 329 820 ipso
373 771 580 821 indignum
628 770 767 809 habeo.
831 770 1030 809 sententia
1077 770 1182 807 inest
1228 769 1422 819 vulgaris,

83 829 187 867 male
218 829 438 869 enunciata.
499 841 591 868 nam
622 841 723 879 quae
760 830 930 878 inyentia
960 839 1060 868 ausa
1091 828 1294 878 dicuntur,
1332 839 1422 866 cum

83 888 342 938 incipiuntur,
384 901 421 927 v.
445 889 545 938 178,
583 888 633 926 ad
670 888 788 926 finem
824 887 1016 937 perducta
1047 887 1124 925 dici
1154 887 1218 925 vel
1253 888 1422 936 possunt

82 947 236 985 mortali
282 948 452 985 maiora:
503 947 571 985 sed
616 947 739 996 siquis
776 948 1021 995 propositum
1064 945 1226 995 aliquod
1267 945 1423 984 mortali

83 1006 210 1043 maius
241 1005 346 1055 dicit,
379 1005 519 1043 deinde
545 1005 594 1043 ab
622 1005 760 1043 eadem
791 1005 952 1043 mortali
983 1004 1234 1054 aliquotiens,
1265 1017 1302 1043 v.
1324 1004 1421 1055 295,

83 1063 265 1101 effectum
301 1066 456 1112 narrat,
487 1064 636 1114 inepte,
668 1065 785 1114 puto,
818 1064 924 1102 dicit.
986 1063 1056 1102 sed
1086 1063 1256 1102 maxime
1286 1062 1420 1101 nunus

85 1121 208 1160 bonus
245 1123 365 1170 poeta
401 1124 485 1159 tam
522 1122 755 1171 graphicam
795 1124 835 1160 et
878 1122 1078 1171 copiosam
1116 1121 1422 1171 descriptionem

82 1179 239 1219 inficeta
265 1180 532 1219 admonitione
557 1180 841 1230 interpellabit.
889 1181 978 1229 ipsa
1007 1180 1154 1219 locutio
1179 1182 1422 1229 propositum

83 1239 277 1289 instruxit,
323 1239 357 1277 si
393 1239 508 1277 modo
552 1239 694 1289 latina,
738 1239 934 1287 pedestris
979 1241 1040 1277 est
1077 1241 1118 1278 et
1153 1238 1313 1278 facticia
1348 1250 1420 1277 nec

83 1296 266 1336 Ovidiani
297 1297 519 1335 commatis:
556 1297 597 1335 id
626 1296 794 1336 verbum
826 1297 1022 1336 efficacius
1054 1300 1095 1336 et
1125 1310 1214 1335 cum
1244 1298 1420 1346 proprie-

81 1356 166 1394 tate
196 1357 430 1406 usurpatur,
462 1369 498 1394 v.
522 1357 602 1394 196
635 1358 676 1394 et
707 1364 755 1394 VI
776 1357 872 1394 591.
933 1356 1092 1395 videtur
1123 1357 1197 1394 hoc
1227 1356 1419 1395 fefellisse

83 1414 204 1452 etiam
233 1413 464 1463 Hauptium,
497 1415 564 1464 qui
594 1415 668 1452 ita:
703 1410 900 1453 ‘nachdem
929 1416 984 1453 sie
1014 1415 1133 1453 durch
1164 1415 1264 1453 diese
1293 1415 1422 1463 Dinye

82 1473 142 1510 dic
179 1471 288 1510 Gabe
325 1472 403 1518 (die
439 1473 824 1521 Zaubermischunyss
869 1474 929 1512 die
963 1474 1018 1512 sic
1056 1484 1105 1512 zu
1142 1474 1305 1512 beream
1340 1473 1421 1512 sich

81 1533 284 1578 vorge-sem
312 1531 412 1569 hatte
444 1528 657 1581 [propos.],
696 1533 765 1570 mit
795 1532 862 1570 der
893 1532 1015 1579 Κναίίι
1051 1535 1293 1580 ausyestattet
1321 1532 1421 1571 hatte

84 1586 246 1638 [instr.]‚
278 1589 338 1627 die
370 1589 584 1634 Unterwela
615 1590 687 1628 den
719 1590 812 1634 Tod,
846 1586 1119 1638 awfzukalten'.
1168 1590 1328 1640 putavit
1357 1603 1420 1628 me

81 1647 320 1687 infinitivum
355 1649 545 1687 remorari
582 1649 833 1698 suspendisse
871 1648 921 1687 ab
958 1650 1163 1695 instruxi&
1207 1649 1319 1698 atqui
1355 1662 1420 1687 vo-

81 1706 234 1744 lue‘ram
260 1706 335 1744 dici
360 1707 478 1755 paulo
505 1707 651 1746 rectius
679 1708 728 1745 ad
753 1719 939 1757 graecam
964 1719 1154 1757 normam,
1178 1709 1422 1756 propositum

81 1765 285 1815 remorari,
318 1760 575 1803 ‘destinatum
613 1766 663 1804 ad
693 1766 929 1805 remoranda
960 1762 1158 1816 Tartara',
1197 1778 1299 1816 quae
1328 1777 1421 1815 pro·

79 1826 266 1871 peraretur
294 1836 330 1861 v.
352 1825 448 1862 250.
509 1836 656 1862 moram
700 1825 894 1863 lucrabere
936 1826 1013 1873 fati
1056 1825 1114 1863 ait
1155 1824 1308 1864 Statius
1346 1825 1419 1862 Th.

85 1882 180 1920 779.
229 1882 332 1929 quod
364 1885 556 1931 superest,
583 1883 811 1932 corruptela
840 1886 955 1921 vetus
985 1882 1174 1922 ffinon
1204 1885 1267 1922 est
1296 1883 1420 1933 peior,

83 1951 201 1989 quam
233 1952 331 1988 quae
362 1941 555 1988 plurimae
586 1942 627 1979 in
658 1942 699 1979 M
730 1944 867 1980 extant
892 1942 1061 1980 aliorum
1083 1942 1279 1980 librorum
1303 1942 1420 1980 bene-

82 1998 170 2036 ficio
206 1998 407 2036 innocuae.
471 2000 491 2036 b
524 2002 563 2037 et
594 2003 608 2037 t
644 2000 829 2038 confundi
866 2001 1012 2038 mirum
1041 2012 1090 2038 ne
1123 2001 1193 2050 sit,
1225 2000 1348 2040 habes
1379 2001 1422 2039 in

82 2056 124 2093 M
155 2064 186 2093 Χ
212 2058 292 2094 431
335 2057 549 2096 celebrata&
588 2071 659 2106 pro
698 2059 952 2109 celebrabant,
1003 2067 1084 2098 XIV
1105 2060 1189 2098 574
1231 2060 1422 2098 barbarus

82 2126 154 2163 pro
187 2115 407 2161 dardanus,·
444 2128 534 2153 nam
566 2117 591 2154 d
626 2117 668 2154 in
699 2117 916 2167 archetypo
947 2117 1026 2156 fuit
1057 2129 1104 2156 ea
1134 2118 1280 2167 forma,
1320 2129 1421 2167 quae

83 2176 98 2210 t
132 2173 327 2222 proxima,
370 2176 415 2212 ut
453 2174 587 2212 audiat
628 2175 831 2224 legeretur
869 2177 1000 2215 auolat
1029 2185 1060 2215 V
1081 2177 1177 2214 382.
1239 2176 1420 2226 syllabae

84 2230 334 2281 omittuntur,
365 2243 406 2270 re
437 2241 521 2270 vm
544 2233 639 2281 675,
672 2244 712 2271 er
738 2242 753 2271 1
775 2235 870 2284 235,
901 2246 961 2273 mc
991 2243 1042 2273 ῙΧ
1065 2236 1160 2284 149,
1190 2246 1241 2273 va
1271 2243 1303 2272 Χ
1326 2235 1422 2284 122,

82 2290 124 2326 m·
160 2297 190 2326 Χ
220 2290 312 2327 169.
461 2287 549 2328 434
582 2298 817 2331 CRETAEIS.
874 2293 990 2332 credo
1035 2293 1108 2331 hoc
1146 2292 1196 2331 ab
1235 2292 1423 2332 officiosis
