1527 2580
542 117 573 152 X
588 143 597 161 ,
625 120 809 152 145—215
824 143 832 151 .
945 128 1164 153 uacum-nus
1274 116 1354 159 201

56 234 121 266 180
141 225 318 266 Reccidit
348 227 390 266 in
420 225 582 266 solidam
613 226 728 278 longo
760 232 850 279 post
880 232 1056 279 tempore
1088 231 1234 266 terram

140 284 300 325 Pondus
318 316 330 338 ,
362 290 401 324 et
431 285 606 324 exhibuit
638 287 811 324 iunctam
843 297 932 325 cum
963 284 1112 325 viribus
1143 291 1288 324 artem.

140 343 326 383 Protinus
357 343 573 395 inprudens
605 350 793 395 actusque
826 344 1008 396 cupidine
1040 344 1150 384 lusus

141 402 295 441 Tollere
327 401 563 441 Taenarides
595 402 732 441 orbem
763 402 1027 454 properabat.
1065 408 1103 442 at
1134 401 1243 441 illum

141 460 245 500 Dura
277 473 511 513 repercusso
543 461 710 500 subiecit
742 461 904 501 verbere
937 461 1050 500 tellus

54 519 184 559 1851n
216 519 346 559 vultus
366 552 378 572 ‚
408 519 622 571 Hyacinthe
642 551 653 573 ,
686 526 773 559 tuos
791 551 801 565 ,.
841 519 1025 571 expalluit
1057 532 1180 571 aeque

140 578 266 624 Quam
296 590 397 630 puer
427 580 511 630 ipse
543 579 639 618 deus
658 610 670 631 ‚
701 578 970 630 collapsosque
1004 580 1148 630 excipit
1178 584 1310 632 artus,

138 636 189 676 Et
219 636 334 676 modo
366 643 405 676 te
437 637 616 690 refovet,
648 638 762 676 modo
794 639 921 676 tristia
952 637 1112 676 vulnera
1143 638 1286 689 siccat,

142 695 255 735 Nunc
287 696 455 735 animam
487 696 652 735 admotis
684 697 900 747 fugientem
932 698 1101 735 sustinet
1131 695 1286 735 herbis.

138 753 200 793 Nil
230 761 399 806 prosunt
429 760 562 807 artes3
594 760 678 794 erat
709 754 979 794 inmedicabile
1011 755 1173 794 vulnus.

52 820 119 853 190
138 813 190 852 Ut
239 813 359 865 siquis
406 813 526 852 violas
557 815 717 865 riguove
750 825 918 865 papaver
948 814 989 852 in
1021 813 1134 852 horto

140 871 315 923 Liliaque
347 872 562 925 infringat,
596 871 730 922 [fulvis
762 872 963 911 haerentia
994 871 1110 923 lignis

139 929 309 969 Marcida
341 930 551 978 demittant
582 930 713 970 subito
747 937 864 982 caput
893 930 956 969 illa
988 936 1213 982 gravatum,

138 988 220 1028 Nec
252 1001 294 1028 se
326 990 575 1042 sustineant,
607 995 865 1041 spectentque
898 990 1100 1028 cacumine
1132 994 1299 1040 terram3

141 1047 205 1087 Sic
236 1047 366 1087 vultus
397 1046 590 1098 moriens]
623 1049 723 1086 iacet
755 1053 794 1087 et
824 1047 977 1086 defecta
1007 1049 1139 1099 vigore

53 1114 119 1145 1⁹5
140 1105 228 1158 Ipsa
260 1105 335 1145 sibi
366 1112 427 1145 est
458 1108 569 1145 oneri
601 1108 732 1145 cervix
762 1118 980 1157 umeroque
1011 1104 1228 1144 recumbit.

140 1162 355 1217 “Laberis,
388 1163 573 1203 Oebalide
591 1196 602 1217 ‚
634 1166 760 1216 prima
791 1164 968 1204 fraudate
1000 1160 1195 1216 iuventa‚'

140 1222 325 1262 Phoebus
357 1224 411 1262 ait
442 1220 648 1274 ‘videoque
680 1229 824 1276 tuum,
854 1235 940 1262 mea
977 1223 1141 1262 crimina
1158 1253 1170 1274 ,
1201 1221 1362 1261 vulnus.

139 1281 200 1321 Tu
232 1281 342 1320 dolor
374 1293 416 1320 es
448 1282 678 1333 facinusque
711 1293 872 1322 meum:
903 1293 988 1320 mea
1020 1280 1180 1320 dextera
1211 1280 1286 1319 leto

139 1339 394 1379 Inscribenda
425 1345 493 1379 tuo
526 1339 614 1380 est!
647 1352 718 1392 ego
751 1353 838 1380 sum
870 1339 941 1380 tibi
973 1340 1123 1379 funeris
1156 1345 1291 1378 auctor
1306 1335 1346 1378 .'’

52 1407 120 1438 200
142 1398 270 1449 [Quae
302 1410 388 1437 mea
420 1398 534 1451 culpa
565 1405 695 1438 tamen
714 1396 736 1438 ‘2
767 1400 844 1438 nisi
874 1400 908 1438 si
939 1398 1080 1438 lusisse
1112 1399 1243 1436 vocari

141 1456 264 1508 Culpa
294 1462 455 1510 potest,
486 1459 563 1497 nisi
594 1457 708 1509 culpa
738 1463 870 1509 potest
901 1462 941 1496 et
972 1468 1121 1496 amasse
1153 1456 1305 1495 vocari.

139 1515 266 1566 Atque
298 1517 449 1555 utinam
479 1517 620 1556 merito
652 1517 793 1569 vitam,
824 1522 1004 1556 tecumve
1035 1515 1173 1554 liceret

140 1573 350 1613 Reddere!
382 1574 486 1626 quod
520 1576 704 1626 quoniam
736 1575 842 1614 fatali
872 1575 957 1626 lege
989 1580 1196 1626 tenemur,

141 1632 306 1685 Semper
337 1633 416 1672 eris
447 1645 603 1672 mecum
620 1664 632 1686 ,
663 1635 907 1684 memorique
937 1631 1117 1672 haerebis
1148 1633 1190 1670 in
1222 1643 1312 1670 ore.

53 1699 120 1731 205
140 1691 196 1731 Te
227 1691 310 1743 lyra
340 1691 452 1743 pulsa
483 1703 601 1731 manu
619 1723 630 1744 ‚
661 1697 701 1731 te
733 1693 904 1731 carmina
936 1696 1070 1730 nostra
1101 1689 1318 1729 sonabunt:

141 1749 311 1801 Flosque
343 1761 467 1789 novus
499 1752 646 1802 scripto
678 1752 847 1802 gemitus
878 1749 1083 1789 imitabere
1115 1754 1294 1787 nostros.

141 1808 314 1860 Tempus
347 1814 386 1848 et
415 1808 511 1848 illud
545 1810 648 1862 erit,
680 1821 757 1860 quo
790 1820 832 1848 se
864 1808 1101 1848 fortissimus
1132 1806 1249 1846 heros

141 1866 267 1906 Addat
297 1868 338 1906 in
368 1866 475 1906 hunc
506 1867 644 1906 ssorem
662 1899 673 1919 ‚
705 1867 875 1919 folioque
907 1866 1058 1918 legatur
1091 1865 1228 1904 eodem
1243 1861 1283 1904 .''

141 1924 249 1965 Talia
280 1925 373 1965 dum
405 1937 497 1965 vero
530 1931 798 1965 memorantur
823 1925 1011 1977 Apollinis
1043 1936 1112 1964 ore
1124 1923 1154 1977 ‚]

53 1992 123 2024 210
140 1983 244 2023 Ecce
275 1996 394 2024 cruor
411 2016 423 2038 ,
455 1986 524 2036 qui
554 1985 666 2024 fusus
697 1984 816 2023 humo
842 1985 1061 2035 signaverat
1084 1981 1251 2035 herbas,
1280 1990 1301 2018 r.
1321 1990 1366 2017 01-

142 2042 295 2081 Desinit
325 2054 412 2081 esse
444 2055 562 2082 cruor
580 2074 592 2096 ‚
623 2043 820 2094 Tyrioque
852 2043 1041 2082 nitentior
1072 2046 1180 2081 ostro

142 2100 232 2140 Flos
263 2102 390 2140 oritur
408 2132 420 2154 ,
452 2102 696 2153 formamque
728 2102 832 2152 capit
863 2113 980 2152 quam
1010 2100 1117 2153 lilia,
1149 2101 1183 2139 si
1214 2112 1291 2139 non

143 2158 376 2211 Purpureus
409 2159 517 2198 color
548 2159 610 2198 his
628 2192 640 2212 ‚
671 2165 882 2211 argenteus
914 2165 1020 2199 esset
1049 2160 1091 2198 in
1121 2158 1220 2197 illis.

145 2216 250 2268 [Non
282 2218 376 2257 satis
407 2217 482 2256 hoc
513 2217 672 2257 Phoebo
706 2223 767 2257 est
798 2238 853 2246 —
885 2219 919 2257 is
951 2219 1055 2258 enim
1087 2217 1162 2256 fuit
1191 2222 1328 2256 auctor

1098 2275 1260 2314 honoris
1292 2273 1366 2325 —]

54 2342 124 2374 215
143 2334 232 2388 Ipse
263 2347 357 2375 suos
388 2336 557 2387 gemitus
583 2335 686 2375 foliis
717 2334 927 2388 inscribit,
959 2342 998 2375 et
1028 2335 1077 2374 ΑΙ
1109 2333 1157 2372 ΑΙ
