1527 2580
546 98 619 143 IX,
645 103 830 135 287—358
846 127 853 134 .
999 113 1131 135 »uvore
1279 100 1361 143 183

143 208 220 250 Ore
241 209 343 261 parit
362 223 371 262 ;
397 215 629 260 nostrasque
651 209 785 248 domos
804 242 814 263 ,
841 216 884 249 ut
904 215 942 248 et
963 216 1075 263 ante,
1102 211 1321 261 frequentat
1338 207 1362 249 .’

202 267 335 320 Dixit,
365 274 404 307 et
435 267 634 307 admonitu
667 270 810 307 veteris
842 274 1034 308 commota
1066 269 1267 308 ministrae

55 335 124 368 325
145 326 339 379 Ingemuit
359 357 368 366 .
407 338 522 378 quam
555 328 612 365 sic
644 339 767 366 nurus
800 333 859 366 est
891 328 1002 366 affata
1034 327 1252 367 dolentem:

144 383 215 425 ‘Te
247 391 376 425 tamen
395 416 407 438 ,
438 397 460 424 o
492 387 699 438 genetrix,
732 385 877 425 alienae
910 388 1097 437 sanguine
1129 391 1264 426 nostro

81 485 96 501 ·
143 445 266 496 Rapta
297 449 428 484 movet
458 444 604 484 facies.
643 445 735 495 quid
768 446 800 483 si
833 444 901 484 tibi
934 446 1030 484 mira
1062 446 1209 484 sororis

144 503 236 542 Fata
267 515 375 542 meae
401 503 569 543 reseram
588 500 610 542 ?
642 515 876 554 quamquam
896 503 1155 555 lacrimaeque
1177 502 1363 554 dolorque

144 561 366 613 lmpediunt
383 593 394 614 ,
426 561 714 614 prohibentque
746 562 880 613 loqui.
920 563 993 601 suit
1025 564 1138 602 unica
1171 563 1286 601 matri
1310 583 1365 590 —

53 629 124 661 330
144 620 204 660 Me
235 627 347 672 pater
378 632 424 659 ex
458 620 529 659 alia
560 622 695 673 genuit
728 642 782 648 —
814 622 1015 660 notissima
1047 621 1169 660 forma

145 678 397 719 Oechalidum
431 678 614 731 Dryope.
654 691 768 730 quam
800 681 1019 731 virginitate
1052 685 1249 719 carentem

143 737 307 789 Vimque
340 738 402 777 dei
435 750 588 789 passam
619 737 789 790 Delphos
822 737 1021 789 Delonque
1054 740 1223 777 tenentis

145 796 300 848 Excipit
330 796 577 836 Andraemon
597 829 608 849 ,
640 803 679 836 et
711 796 876 836 habetur
909 799 1073 848 coniuge
1107 796 1220 836 felix.

146 854 216 894 Est
247 855 354 894 lacus
374 887 384 907 ,
416 855 574 894 acclInis
607 855 752 894 devexo
786 856 960 907 margine
992 855 1156 894 sormam

55 921 123 954 335
146 912 289 953 Litoris
322 914 527 954 efficiens:
559 926 755 953 summum
788 920 953 966 myrteta
986 919 1197 953 coronant.

146 971 315 1012 Venerat
345 972 423 1012 huc
454 972 607 1025 Dryope
640 973 810 1012 satorum
842 974 1002 1025 nescia,
1034 984 1191 1024 quoque

146 1030 353 1083 Indignere
385 1032 537 1085 magis,
569 1031 748 1083 nymphis
781 1031 906 1070 latura
939 1043 1126 1083 coronas3

146 1089 268 1141 inque
301 1091 388 1129 sinu
415 1101 584 1141 puerum
602 1121 613 1143 ,
646 1092 712 1141 qui
739 1090 913 1129 nondum
945 1089 1173 1142 impleverat
1199 1100 1362 1143 annum,

146 1147 268 1188 Dulce
301 1147 452 1188 serebat
482 1161 582 1188 onus
614 1148 813 1200 tepidique
846 1160 919 1200 ope
950 1148 1061 1188 lactis
1094 1147 1241 1188 alebat.

55 1215 123 1246 34⁷:
147 1205 259 1246 Haud
291 1206 430 1258 procul
462 1219 482 1246 a
514 1213 651 1258 stagno
684 1207 822 1258 Tyrios
853 1208 1002 1246 imitata
1034 1205 1185 1246 colores

146 1265 187 1304 ln
221 1277 330 1317 spem
362 1264 548 1305 bacarum
580 1264 742 1304 florebat
774 1267 950 1316 aquatica
981 1265 1104 1304 lotos.

147 1323 357 1376 Carpserat
387 1323 479 1364 hinc
510 1323 663 1377 Dryope
682 1355 693 1377 ,
725 1336 824 1375 quos
856 1323 1112 1363 oblectamina
1143 1329 1233 1363 nato

144 1381 400 1435 porrigeret,
431 1383 578 1423 ssores:
609 1388 650 1422 et
680 1383 782 1422 idem
815 1383 964 1422 factura
995 1381 1183 1422 videbar:
1215 1402 1271 1410 —

145 1440 322 1492 Namque
353 1441 509 1481 aderam
541 1463 598 1469 —
629 1441 707 1480 vidi
739 1446 867 1492 guttas
899 1454 920 1480 e
952 1440 1047 1480 ssore
1081 1446 1264 1480 cruentas

57 1508 125 1540 345
147 1499 335 1539 Decidere
368 1506 408 1540 et
438 1499 608 1540 tremulo
640 1512 770 1539 ramos
801 1500 966 1538 horrore
997 1500 1169 1539 moveri.

147 1558 333 1611 Scilicet,
364 1565 409 1599 ut
439 1559 618 1598 referunt
649 1558 749 1598 tardi
780 1570 886 1598 nunc
917 1558 1085 1609 denique
1118 1562 1314 1610 agrestes,

145 1617 254 1656 Lotis
284 1618 325 1657 in
357 1617 457 1657 hanc
489 1617 687 1670 nymphe,
720 1617 872 1668 fugiens
906 1616 1071 1655 obscena
1106 1616 1258 1669 Priapi,

147 1675 375 1716 Contulerat
403 1688 539 1716 versos
557 1707 568 1728 ,
600 1681 752 1715 servato
785 1676 942 1714 nomine
960 1706 972 1728 ,
1003 1674 1156 1714 vultus.
1190 1683 1211 1709 f.
1231 1683 1367 1711 cxxxix.

147 1734 349 1773 Nescierat
380 1746 492 1774 soror
523 1734 627 1774 hoc.
666 1746 763 1785 quae
796 1746 884 1773 cum
916 1734 1126 1785 perterrita
1157 1738 1263 1772 retro

57 1793 209 1833 3501re
241 1798 281 1832 et
311 1794 480 1833 adoratis
512 1792 629 1832 vellet
659 1792 862 1832 discedere
893 1791 1099 1844 nymphis,

147 1851 369 1892 Haeserunt
400 1851 530 1891 radice
562 1851 712 1904 pedes.
751 1850 970 1890 convellere
1001 1855 1171 1901 pugnat:

147 1910 228 1949 Nec
248 1912 458 1962 quicquam
471 1942 482 1963 ,
507 1911 583 1949 nisi
603 1921 754 1949 summa
774 1915 901 1948 movet
923 1940 931 1948 .
958 1908 1177 1947 subcrescit
1196 1906 1243 1947 ab
1269 1909 1371 1962 imo,

147 1968 322 2020 Totaque
353 1969 538 2022 paulatim
570 1969 700 2008 lentus
731 1969 875 2019 premit
905 1968 1064 2018 inguina
1096 1972 1253 2006 cortex.

147 2026 196 2066 Ut
229 2028 352 2081 vidit,
384 2034 521 2067 conata
553 2039 670 2066 manu
702 2026 846 2065 laniare
879 2025 1061 2078 capillos,

57 2093 127 2126 355
149 2085 301 2125 Fronde
345 2098 503 2126 manum
553 2085 755 2138 implevit:
806 2083 965 2124 frondes
1015 2089 1131 2136 caput
1180 2096 1295 2123 omne

1165 2142 1372 2182 tenebant.

147 2204 194 2244 At
227 2217 325 2256 puer
356 2203 614 2257 Amphissos,
646 2215 814 2255 namque
844 2202 920 2242 hoc
951 2213 1045 2242 avus
1076 2201 1249 2253 Eurytus
1281 2200 1336 2240 illi

147 2263 358 2303 AddIderat
389 2274 561 2315 nomen,
593 2268 768 2302 materna
799 2262 997 2313 rigescere
1030 2261 1150 2300 sentit

147 2321 305 2376 Ubera3
335 2333 410 2362 nec
441 2323 620 2374 sequitur
652 2320 860 2360 ducentem
891 2320 1039 2360 lacteus
1070 2330 1207 2359 umor.
