1554 2506
76 91 153 133 158
305 91 462 128 canxnon
612 93 827 127 METAMM
838 119 846 126 .

187 203 327 254 Tangit
359 209 398 242 et
428 205 485 242 ira
516 203 639 242 deOS.
679 200 732 242 ‘at
764 215 841 242 non
873 205 1020 256 inpune
1052 206 1246 260 feremus,

100 269 166 300 280
188 262 374 314 Quaeque
407 262 660 300 inhonoratae
678 294 688 314 ,
725 274 803 301 non
836 268 875 302 et
906 263 1083 304 dicemur
1114 263 1275 305 inultae’

188 320 347 372 lnquit,
380 326 418 359 et
450 320 604 359 Oeneos
638 321 805 359 ultorem
838 328 968 374 spreta
1000 336 1071 374 per
1103 336 1217 375 agros

187 379 291 418 Misit
323 391 460 429 aprum
479 411 490 431 ,
523 385 668 429 quanto
701 381 868 419 maiores
901 381 1062 421 herbida
1094 388 1229 422 tauros

186 437 271 477 Non
296 437 414 476 habet
446 437 586 489 Epiros
619 443 658 477 et
688 438 834 478 habent
867 439 996 479 Sicula
1027 452 1118 480 arva
1149 443 1344 481 minores.

187 456 384 547 Sanguine
417 502 456 535 et
486 498 575 547 igne
608 498 753 537 micant
784 498 910 551 oculi,
942 501 1044 550 riget
1074 500 1194 540 ardua
1227 504 1381 554 cervix,

97 562 162 593 285
184 555 233 594 Et
265 560 393 594 saetae
426 555 572 594 similes
605 556 741 607 rigidis
773 556 979 597 hastilibus
1011 557 1200 599 horrent:

97 621 163 652 287
185 613 348 652 Fervida
381 626 470 653 cum
501 626 620 653 rauco
646 615 744 654 latos
777 616 946 655 stridore
977 629 1049 668 per
1075 630 1204 657 armos

186 673 331 724 Spuma
362 672 477 712 ssuit.
516 673 653 712 dentes
687 680 905 725 aequantur
938 675 1122 715 dentibus
1154 676 1283 717 Indis:

184 731 346 770 Fulmen
379 731 426 770 ab
458 743 526 771 ore
558 734 692 785 venit,
725 733 885 772 frondes
918 733 1114 773 afflatibus
1147 735 1306 783 ardent.

95 798 163 829 290
182 790 219 829 Is
252 790 366 829 modo
400 796 625 830 crescentes
652 797 804 842 segetes
836 792 1038 843 proculcat
1067 795 1108 832 in
1139 793 1284 846 herba,

183 849 296 888 Nunc
328 854 479 888 matura
512 852 623 889 metit
654 850 785 890 fleturi
816 856 904 890 vota
936 851 1087 906 coloni,

183 908 233 947 Et
265 907 450 947 Cererem
481 910 521 947 in
553 910 672 960 spicis
704 911 904 962 intercipit
930 942 938 950 .
978 923 1067 949 area
1098 911 1245 951 frustra

182 966 234 1006 Et
264 967 411 1006 frustra
443 973 651 1019 expectant
682 969 895 1019 promissas
927 969 1069 1009 horrea
1100 982 1272 1010 messes.

184 1025 425 1065 Sternuntur
457 1027 604 1078 gravidi
636 1027 750 1078 longo
784 1040 873 1067 cum
904 1028 1061 1079 palmite
1096 1030 1198 1068 fetus

95 1091 161 1122 295
181 1083 360 1136 Bacaque
394 1097 483 1124 cum
514 1087 632 1124 ramis
666 1098 821 1137 semper
853 1086 1072 1126 frondentis
1105 1087 1249 1127 olivae.

184 1142 314 1182 Saevit
345 1149 384 1182 et
413 1145 454 1183 in
485 1143 686 1195 pecudes.
725 1157 804 1183 non
835 1144 905 1183 has
936 1151 1117 1196 pastorve
1150 1158 1337 1200 canesve,

181 1201 268 1240 Non
301 1207 476 1241 armenta
509 1208 642 1242 truces
674 1210 842 1254 possunt
873 1203 1084 1243 defendere
1117 1207 1240 1244 tauri.

182 1260 400 1312 Diffugiunt
429 1261 593 1314 populi,
626 1273 699 1300 nec
731 1274 772 1301 se
805 1264 880 1301 nisi
912 1262 1118 1303 moenibus
1152 1263 1260 1303 urbis

181 1319 278 1359 Esse
305 1324 445 1372 putant
476 1325 612 1361 tutos:
644 1320 768 1360 donec
801 1320 1016 1372 Meleagros
1050 1328 1089 1361 et
1122 1335 1198 1362 una

93 1386 161 1417 300
181 1378 300 1418 Lecta
331 1391 470 1418 manus
501 1380 689 1418 iuvenum
721 1381 851 1418 coiere
884 1381 1067 1431 cupidine
1100 1381 1248 1421 laudis:

181 1437 425 1489 Tyndaridae
457 1439 632 1490 gemini,
665 1444 865 1489 spectatus
898 1439 1094 1478 caestibus
1127 1440 1247 1492 alter,

180 1496 289 1536 Alter
321 1508 421 1547 equo
441 1528 452 1548 ,
483 1498 710 1548 primaeque
743 1499 837 1536 ratis
870 1497 1028 1536 molitor
1060 1497 1196 1551 Iason,

181 1555 232 1594 Et
263 1567 353 1594 cum
384 1555 589 1608 Pirithoo,
622 1555 714 1594 felix
747 1556 956 1595 concordia
974 1589 985 1608 ‚
1017 1556 1218 1610 Theseus,

181 1613 231 1653 Et
262 1613 339 1653 duo
372 1613 633 1666 Thestiadae,
665 1614 796 1665 proles
828 1615 1019 1666 Aphareia
1038 1648 1048 1667 ,
1081 1615 1259 1667 Lynceus

94 1681 160 1712 305
181 1672 231 1711 Et
262 1672 374 1711 velox
405 1672 522 1725 Idas,
554 1678 594 1712 et
624 1674 701 1711 iam
733 1685 810 1712 non
844 1673 987 1713 femina
1020 1673 1238 1729 Caeneus,

181 1731 484 1783 Leucippusque
517 1733 627 1770 ferox
659 1731 865 1783 iaculoque
897 1734 1061 1784 insignis
1093 1735 1282 1786 Acastus,

180 1789 506 1842 Hippothousque
527 1789 727 1842 Dryasque
760 1797 799 1829 et
828 1798 960 1831 cretus
980 1792 1191 1843 Amyntore
1210 1792 1382 1832 Phoenix
1398 1826 1407 1846 ,

181 1848 466 1900 Actoridaeque
498 1861 643 1902 pares,
676 1855 715 1888 et
746 1851 890 1888 missus
923 1849 969 1888 ab
1001 1849 1112 1889 Elide
1143 1850 1336 1902 Phyleus.

182 1906 262 1946 Nec
294 1907 480 1946 Telamon
513 1907 648 1947 aberat
679 1910 888 1960 magnique
921 1907 1290 1962 creatofflcffllis,

94 1974 160 2005 310
182 1965 358 2016 Cumque
390 1966 623 2006 Pheretiade
656 1972 696 2006 et
726 1966 900 2018 Hyanteo
933 1966 1035 2006 Iolao

180 2024 350 2076 Impiger
382 2024 574 2076 Eurytion
607 2031 647 2064 et
678 2037 797 2064 cursu
830 2027 998 2065 invictus
1029 2025 1204 2080 Echion,

180 2083 449 2134 Naryciusque
488 2083 606 2122 Lelex
637 2083 922 2136 Panopeusque
955 2084 1179 2137 Hyleusque
1218 2087 1407 2138 feroxque

182 2141 377 2193 Hippasus
396 2174 407 2194 ,
439 2148 478 2181 et
509 2143 645 2193 primis
692 2145 906 2182 etiamnum
937 2143 1080 2183 Nestor
1111 2146 1152 2183 in
1185 2146 1320 2198 annis,

181 2199 231 2240 Et
263 2212 361 2251 quos
393 2199 623 2252 Hippocoon
656 2203 826 2252 antiquis
859 2203 965 2241 misit
995 2203 1189 2256 Amyclis,

95 2267 160 2297 315
181 2258 478 2310 Penelopesque
511 2271 624 2298 socer
657 2272 746 2299 cum
779 2260 985 2300 Parrhasio
1018 2262 1196 2314 Ancaeo,

178 2317 493 2370 Ampycidesque
525 2329 639 2369 sagax
672 2325 712 2357 et
743 2318 869 2358 adhuc
901 2331 922 2358 a
954 2321 1119 2372 coniuge
1153 2327 1260 2360 tutus
