1507 2580
590 99 605 133 1
624 127 631 142 ,
659 103 763 134 474-
778 103 866 135 548.
1037 114 1174 137 „mxc
1345 105 1394 146 15

175 208 298 248 Curre
318 240 329 261 ‚
362 208 569 260 fugamque
602 209 762 248 inhibe.
802 209 1041 250 moderatius
1073 213 1258 263 insequar
1291 215 1394 265 ipse.

175 267 247 307 Cui
279 266 461 319 placeas,
493 268 647 318 inquire
683 274 837 308 tamen.
883 281 959 307 non
993 269 1117 308 incola
1151 273 1318 323 montis,

174 325 258 364 Non
292 337 363 377 ego
395 337 482 364 sum
514 332 677 378 pastor,
710 339 785 366 non
819 327 882 366 hic
914 334 1087 367 armenta
1120 341 1335 381 gregesque

174 383 367 423 Horridus
399 383 564 423 observo
585 415 593 422 .
632 387 760 424 nescis
779 418 790 438 ‚
823 388 1029 425 temeraria
1047 418 1058 439 ,
1091 391 1219 426 nescis
1238 419 1249 440 ,

85 450 152 482 516
175 443 301 489 Quem
333 442 487 495 fugias,
519 442 686 494 ideoque
719 444 850 494 sugis.
891 444 983 484 mihi
1018 445 1200 497 Delphica
1234 446 1348 486 tellus

174 501 224 541 Et
256 501 389 540 Claros
421 507 462 540 et
492 501 671 540 Tenedos
704 501 943 554 Patareaque
977 506 1083 555 regia
1110 507 1252 544 servit.

173 560 349 612 Iuppiter
381 565 442 599 est
472 561 655 611 genitor.
694 573 765 612 per
797 573 858 600 me
892 562 995 613 quod
1028 565 1181 614 eritque
1214 564 1365 615 fuitque

172 618 320 670 Estque
339 650 350 671 ‚
376 624 511 670 patet:
542 631 613 670 per
645 631 706 658 me
740 620 978 659 concordant
1010 624 1181 661 carmina
1213 624 1364 662 nervis.

174 677 288 717 Certa
322 677 479 728 quidem
513 683 647 716 nostra
679 685 767 730 est,
801 685 934 718 nostra
973 686 1100 719 tamen
1140 693 1215 720 una
1256 683 1392 733 sagitta

85 743 153 776 520
175 735 357 788 Certior,
390 737 430 775 in
463 747 582 775 vacuo
616 748 713 787 quae
747 737 907 776 vulnera
939 744 1099 789 pectore
1132 740 1246 778 fecit.

171 794 377 834 lnventum
410 795 600 834 medicina
633 807 763 834 meum
796 802 883 848 est,
915 797 1118 848 opiferque
1157 810 1227 849 per
1259 798 1393 838 orbem

172 853 318 905 Dicor,
350 858 390 892 et
420 853 631 893 herbarum
663 854 838 894 subiecta
871 857 1045 906 potentia
1077 855 1212 895 nobis.

172 911 219 950 Ei
250 911 374 965 mihi,
406 911 509 962 quod
542 912 659 951 nullis
691 925 799 951 amor
831 919 892 951 est
923 913 1105 953 sanabilis
1137 914 1293 968 herbis,

172 969 253 1009 Nec
284 976 451 1022 prosunt
483 970 639 1010 domino
673 983 772 1022 quae
803 978 971 1023 prosunt
1009 972 1190 1012 omnibus
1209 1004 1220 1026 ‚
1252 980 1354 1013 artes
1369 971 1394 1013 l'

85 1035 151 1068 525
172 1028 290 1068 Plura
322 1028 547 1068 locuturum
579 1030 715 1069 timido
747 1029 890 1069 Peneia
923 1042 1042 1070 cursu

171 1087 288 1139 Fugit
319 1099 486 1139 cumque
519 1090 603 1139 ipso
635 1087 752 1127 verba
784 1089 1001 1140 inperfecta
1032 1089 1214 1143 reliquit,

171 1145 272 1185 Tum
305 1158 462 1197 quoque
493 1148 573 1185 visa
606 1147 778 1187 decens.
817 1147 1017 1186 nudabant
1047 1160 1211 1199 corpora
1242 1151 1370 1201 venti,

172 1204 372 1256 Obviaque
404 1204 585 1244 adversas
616 1205 820 1245 vibrabant
851 1205 1005 1245 flamina
1037 1213 1188 1259 vestes,

171 1262 221 1302 Et
251 1263 345 1302 levis
377 1263 552 1315 inpulsos
584 1270 690 1303 retro
724 1264 839 1303 dabat
869 1276 962 1303 aura
995 1265 1183 1317 capillos;

83 1329 151 1362 530
171 1323 371 1373 Auctaque
404 1322 528 1361 forma
549 1323 637 1374 suga
668 1329 728 1362 est
747 1355 754 1362 .
788 1322 856 1362 sed
882 1325 986 1362 enim
1007 1335 1085 1362 non
1105 1325 1274 1364 sustinet
1294 1325 1393 1365 ultra

170 1380 342 1420 Perdere
374 1380 581 1420 blanditias
613 1383 764 1420 iuvenis
796 1381 892 1420 deus
912 1413 923 1434 ‚
956 1387 1077 1433 utque
1110 1382 1289 1422 movebat

170 1439 258 1491 Ipse
290 1451 428 1492 amor,
459 1439 628 1479 admisso
661 1442 840 1491 sequitur
872 1442 1033 1491 vestigia
1065 1452 1205 1492 passu.

170 1497 222 1538 Ut
253 1500 360 1537 canis
391 1500 431 1537 in
463 1510 584 1538 vacuo
617 1499 791 1550 leporem
824 1511 912 1538 cum
946 1499 1114 1538 Gallicus
1147 1511 1237 1538 arvo

147 1555 274 1596 'Vidit
297 1588 308 1610 ,
340 1562 380 1596 et
409 1556 473 1596 hic
505 1557 690 1609 praedam
721 1557 887 1609 pedibus
919 1559 1045 1611 petit,
1077 1558 1141 1596 ille
1173 1558 1363 1610 salutem3

83 1622 150 1655 535
171 1615 278 1654 Alter
304 1615 514 1655 inhaesuro
547 1616 684 1655 similis
709 1618 785 1655 iam
817 1618 971 1668 iamque
1004 1622 1139 1656 tenere

172 1673 342 1726 Sperat,
374 1680 414 1714 et
445 1680 602 1714 extento
636 1676 794 1727 stringit
825 1677 986 1727 vestigia
1019 1681 1173 1727 rostro;

169 1732 277 1772 Alter
308 1734 348 1772 in
381 1732 560 1785 ambiguo
594 1739 682 1786 est,
714 1746 761 1773 an
794 1735 845 1773 sit
876 1745 1119 1785 conprensus
1138 1765 1149 1786 ,
1181 1739 1220 1773 et
1251 1735 1345 1786 ipsis

169 1790 365 1830 Morsibus
397 1793 564 1843 eripitur
596 1794 872 1844 tangentiaque
906 1804 972 1831 ora
1005 1792 1215 1842 relinquit:

170 1849 235 1889 Sic
267 1849 364 1889 deus
396 1856 436 1890 et
466 1852 604 1903 virgo,
636 1856 697 1890 est
726 1851 790 1890 hic
822 1863 890 1902 spe
923 1850 1056 1902 celer,
1087 1849 1151 1889 illa
1182 1852 1344 1890 timore.

82 1915 150 1949 540
171 1908 246 1954 Qui
279 1914 408 1948 tamen
440 1910 692 1964 insequitur,
723 1911 862 1961 pennis
895 1908 1049 1948 adiutus
1082 1911 1225 1948 amoris

170 1967 288 2007 Ocior
320 1973 381 2007 est
410 1969 667 2020 requiemque
699 1974 815 2020 negat
846 1973 1036 2019 tergoque
1068 1968 1216 2018 fugacis

168 2025 338 2065 Inminet
368 2032 408 2066 et
438 2028 587 2066 crinem
620 2039 798 2078 sparsum
832 2025 1050 2065 cervicibus
1082 2025 1209 2066 afflat.

169 2083 325 2123 Viribus
357 2084 574 2137 absumptis
601 2085 786 2136 expalluit
818 2084 880 2124 illa
899 2116 910 2137 ‚
942 2086 1120 2136 citaeque

168 2141 277 2182 Victa
309 2142 441 2182 labore
473 2144 616 2196 fugae,
649 2149 830 2195 spectans
862 2143 1053 2183 Peneidas
1085 2143 1209 2182 undas
1229 2175 1239 2194 ,

81 2208 148 2241 545
170 2198 261 2240 ‘Fer
274 2198 400 2254 pater'
415 2203 544 2253 inquit
557 2199 710 2253 ‘opemt
731 2201 863 2241 Tellus
876 2198 903 2254 ‚³
918 2204 993 2255 ait,
1018 2199 1140 2241 ‘hisce
1154 2233 1166 2255 ‚
1180 2202 1240 2240 vel
1255 2203 1390 2254 istam,

80 2266 148 2300 547
169 2259 276 2306 Quae
309 2261 401 2300 fac-it
419 2292 430 2313 ,
461 2266 506 2299 ut
536 2260 696 2313 laedar,
728 2260 914 2300 mutando
946 2261 1067 2313 perde
1099 2258 1301 2312 figuram?

167 2317 238 2358 Vix
269 2331 387 2371 prece
420 2319 526 2358 finita
545 2350 556 2371 ,
587 2325 725 2371 torpor
756 2321 883 2372 gravis
915 2325 1079 2372 occupat
1112 2325 1220 2358 artus
1240 2350 1251 2372 ‚
