1507 2580
1271 96 1354 132 XXI
1359 99 1389 133 Π

45 205 315 257 typographis
346 205 555 255 postmodo
588 209 826 245 correctum:
864 207 934 246 sed
971 208 1106 245 tamen
1141 207 1198 245 ita
1228 208 1390 256 Apollo·

46 265 138 303 nius
176 272 209 302 11
234 265 343 303 1236
389 273 438 303 IV
461 265 590 313 1692,
631 266 692 303 uti
728 266 849 304 etiam
886 266 928 303 in
957 265 1173 303 Amoribus
1212 268 1252 304 et
1285 267 1389 315 apud

49 322 304 372 Propertium
335 322 478 361 editur.
517 331 566 361 IX
588 325 670 362 666
703 323 975 362 Herodianum
1006 326 1165 362 secutus
1199 337 1296 362 sum.

49 377 147 420 509.
197 388 347 420 OMNIA
390 389 554 420 HABET.
616 390 774 420 RERUM
818 390 993 421 STATUS
1037 390 1140 421 ISTE
1184 391 1389 422 MEARUM.

47 440 179 478 omnia
208 450 306 488 quae
335 439 376 478 M
407 441 530 478 omnis
571 443 630 479 cat
660 440 739 478 LE.
789 453 1001 490 posueram
1036 441 1276 480 locutionem
1314 454 1391 480 ser-

48 498 176 536 monis
220 498 363 548 Attici,
413 511 531 548 quam
580 510 684 537 nunc
734 500 957 548 quindecim
1006 500 1245 538 comicorum
1294 500 1391 539 locis

48 556 246 595 variatam
283 556 444 594 exhibet
481 556 529 594 H.
562 557 719 596 Jacobii
758 558 852 596 olim
890 558 1019 597 nostri
1051 557 1157 597 Com.
1190 558 1282 597 diet.
1314 559 1393 597 ind.

48 627 112 664 pp.
134 615 215 653 811
252 615 349 654 812.
399 618 490 664 post
514 616 635 659 habet,
668 616 702 654 si
728 615 854 655 levius
881 617 1155 667 interpungas,
1180 618 1261 665 iste,
1288 618 1392 667 quod

47 673 245 723 sequitur,
289 673 475 723 respiciet
519 674 569 712 acl
608 676 700 713 ante
737 675 856 724 dicta,
899 677 945 713 ut
975 688 1012 713 v.
1033 676 1116 714 485
1156 687 1202 714 ea
1238 677 1394 724 foedera

45 733 177 778 nobis;
221 732 255 771 si
285 733 467 782 gravius,
505 734 551 771 ut
586 733 679 783 feci,
723 734 903 783 proxima
939 734 1240 784 intellegentur,
1279 735 1394 784 quasi

48 789 224 840 dicatur,
261 794 305 829 ut
339 803 417 829 non
453 792 592 839 desint,
630 791 712 830 fere
750 793 810 830 uti
846 792 970 830 habes
1003 801 1052 830 IX
1075 794 1158 831 630
1196 796 1304 831 tanta
1342 797 1394 832 est

46 849 241 888 discordia
276 851 431 888 mentis:
457 870 511 878 -—
537 851 625 888 libet
661 853 854 899 temptare.
909 851 1089 900 proxima
1120 851 1258 890 dubito
1297 863 1393 890 num

46 907 251 946 intellecta.
289 908 385 946 sint:
429 911 588 956 superat
623 909 717 947 mihi
752 909 879 953 miles,
920 909 958 947 h.
990 922 1022 948 e.
1054 911 1167 947 tanto
1201 911 1295 948 sunt
1323 922 1393 948 nu·

47 977 175 1016 mero,
219 967 264 1004 ut
308 966 412 1005 bona
455 978 548 1016 pars
592 967 699 1006 hosti
742 967 867 1017 proici
909 968 1081 1017 possint3
1132 968 1236 1017 quod
1280 981 1393 1007 omen

46 1024 190 1063 deinde
223 1023 420 1074 Cephalus
459 1025 712 1076 deprecatur,
752 1026 919 1064 meliora
956 1027 997 1064 et
1035 1027 1237 1064 contraria
1268 1028 1392 1075 optat.

45 1082 248 1132 Hauptius
291 1083 410 1133 longe
447 1083 666 1123 obscurius.
805 1080 891 1123 529
930 1091 1134 1123 IGNAVOS
1174 1092 1392 1124 INCLUSIT

47 1149 279 1180 NOCTIBUS
311 1149 496 1181 AESTUS.
545 1144 710 1182 nubibus
741 1146 868 1182 aestus
898 1143 1003 1193 libri,
1036 1143 1141 1192 quod
1166 1144 1297 1182 scaevi
1324 1145 1393 1182 ali-

45 1200 142 1249 quid
174 1200 306 1238 habet.
357 1200 614 1239 memineram
645 1201 765 1239 Plinii
796 1201 897 1250 Epp.
920 1209 968 1240 VI
1004 1203 1055 1239 16
1094 1204 1164 1240 17:
1202 1203 1283 1240 iam
1313 1203 1394 1242 dies

45 1259 151 1307 alibi,
182 1259 262 1297 illic
291 1270 366 1297 nox
397 1260 572 1298 omnibus
602 1260 773 1299 noctibus
802 1261 952 1308 nigrior
982 1261 1216 1308 densiorque.

44 1313 135 1360 ,612
166 1317 398 1356 NATORUM
432 1325 764 1364 QUERIBUNDAE
797 1326 990 1356 ANIMAE.
1042 1318 1307 1367 Natorumque
1335 1321 1392 1358 ui·

46 1387 207 1424 rumque
232 1377 385 1415 animae
406 1376 511 1426 libri,
537 1377 680 1415 vitiose
701 1377 785 1415 sine
805 1376 942 1426 dubi03
976 1376 1044 1415 sed
1070 1389 1142 1416 nec
1166 1378 1394 1417 coniectura

44 1434 127 1473 ista
164 1435 370 1474 satisfacit.
432 1435 544 1473 elisio
577 1435 781 1485 eiusmodi,
824 1437 870 1473 ut
901 1443 949 1474 1v
970 1436 1053 1473 445
1093 1437 1274 1484 αηιίςῑααε
1309 1438 1393 1475 imi-

46 1494 205 1543 tamina,
236 1493 332 1532 Hor.
352 1492 477 1542 Ep0d‚
498 1495 522 1532 3
560 1495 629 1532 16:
663 1494 812 1533 similes
845 1502 892 1532 IV
914 1495 998 1532 228
1031 1502 1079 1532 VI
1101 1495 1184 1533 656
1217 1503 1287 1533 xn
1307 1497 1390 1534 407

46 1559 111 1590 xv
132 1553 215 1590 217
250 1553 333 1591 497
369 1553 466 1591 776.
587 1549 671 1591 636
703 1553 768 1591 ΕΤ
793 1560 1096 1591 PRomT'rERE
1121 1561 1238 1591 IDEM
1265 1560 1392 1592 'ron-

46 1617 252 1657 DEMQUE.
312 1610 521 1650 verissima
563 1611 660 1650 haec
703 1611 826 1650 solius
865 1611 906 1648 Μ
947 1612 1146 1660 scriptura
1182 1612 1231 1649 ab
1272 1612 1392 1650 inter-

46 1669 295 1718 polatoribus
316 1671 357 1708 et
376 1669 608 1720 editoribus,
640 1682 687 1708 ex
719 1682 795 1720 quo
828 1670 1003 1708 innotuit
1028 1670 1070 1708 in
1087 1669 1211 1719 praef.
1232 1670 1389 1719 proecd.

47 1736 171 1778 p.1v,
210 1728 413 1766 intellecta
450 1740 530 1767 non
565 1730 637 1767 est.
691 1730 916 1777 promittere
954 1740 1033 1766 non
1070 1730 1132 1766 est
1170 1723 1391 1778 ‘polliceri',

47 1786 117 1825 sed
155 1785 381 1836 significatu
419 1787 598 1837 proprio,
636 1800 713 1837 quo
751 1788 868 1826 arbor
897 1798 1028 1826 ramos
1057 1788 1249 1835 promittit
1286 1787 1392 1836 apud

47 1843 321 1895 Columellam,
352 1856 392 1884 se
414 1847 607 1893 promittit
636 1845 742 1895 apud
762 1845 946 1884 Plinium.
996 1846 1038 1883 in
1066 1857 1112 1883 ea.
1143 1845 1391 1894 proprietate

46 1903 259 1942 verborum
289 1903 458 1942 maxime
490 1904 531 1942 in
561 1916 604 1942 re
637 1905 788 1943 rustica.
819 1904 919 1942 nihil
951 1905 1013 1942 est
1038 1903 1286 1953 frequentius
1315 1916 1390 1942 usu

42 1962 301 2002 intransitivo
328 1962 644 2002 transitivorum.
693 1963 793 2002 idem
824 1964 886 2001 est
917 1962 1179 2012 accusativus,
1211 1962 1281 2001 sed
1311 1974 1390 2001 non

43 2020 191 2059 obiecti
230 2021 297 2070 qui
335 2021 497 2071 dicitur;
535 2034 652 2071 quem
690 2021 903 2060 admodum
942 2029 996 2059 111
1020 2022 1100 2059 152
1140 2021 1258 2060 distat
1291 2021 1390 2060 idem

41 2081 110 2118 est
147 2087 179 2117 x
202 2079 283 2118 175
322 2081 446 2127 spatio
483 2081 578 2128 pari
614 2080 790 2118 distabat.
852 2091 1018 2129 quercus
1062 2079 1212 2128 patulis
1256 2079 1391 2128 ramis,

47 2150 82 2176 v.
105 2138 201 2188 622,
233 2138 431 2187 prominet
457 2138 497 2175 in
523 2150 621 2177 arva
639 2139 817 2182 subiecta,
849 2151 886 2177 v.
908 2139 1004 2188 638,
1037 2150 1112 2188 quo
1134 2138 1391 2176 decutiuntur

43 2195 246 2235 formicae.
296 2196 404 2234 locus
430 2196 631 2235 luculento
658 2197 835 2246 exemplo
862 2196 939 2235 erit
964 2197 1048 2235 eius
1075 2196 1251 2234 nefariae
1270 2196 1390 2234 inter-

45 2254 273 2306 polationis,
305 2267 406 2305 quae
438 2255 527 2293 inde
559 2255 608 2292 ab
641 2257 772 2294 aetate
804 2255 948 2294 codicis
977 2255 1008 2293 L
1039 2255 1113 2293 hoc
1144 2266 1303 2292 carmen
1334 2255 1389 2290 in-

41 2311 220 2353 festavit.
391 2310 472 2352 687
520 2320 606 2352 SED
656 2322 770 2352 ENm
813 2321 1030 2353 NARRARE
1073 2320 1250 2352 Punom
1293 2319 1393 2350 Esr.
