1507 2580
1249 109 1365 144 XXIX

27 217 150 255 abant
197 218 280 255 557
313 218 452 254 uertice
501 218 585 254 594
610 219 724 265 perit.
751 217 819 256 sed
852 220 1031 267 praestat
1057 218 1089 256 L
1141 220 1221 256 641
1271 222 1367 264 701,

30 276 112 314 702
166 276 250 314 740
301 275 382 313 765
419 273 653 323 Obstitpuere
703 277 786 315 784
819 279 999 324 quatinus
1050 277 1145 314 818.

147 387 252 430 LIB.
283 388 346 430 IX
383 405 420 431 v.
453 389 507 430 74
545 400 853 439 Dom'rAMQnE
887 400 1094 433 RECLUSI.
1143 395 1279 432 reduxi
1309 394 1367 443 M;

27 451 283 500 interpolatio
316 452 358 488 et
394 451 616 489 emendatio
655 452 736 489 late
774 453 955 501 evagata.
1018 453 1142 491 edunt
1172 453 1255 490 fere
1280 465 1368 500 per-

29 510 111 548 ussi
146 509 212 548 vel
246 511 446 559 premissi,
490 509 646 548 Heinsii
688 511 952 560 conjecturam
996 523 1085 549 cum
1120 514 1256 549 tamen
1291 524 1368 549 non

29 567 180 606 domita
210 570 385 618 perusta,
418 567 488 606 sed
518 570 683 617 perusta
708 569 858 608 domita
883 570 1011 618 hydra
1035 570 1168 608 fuerit.
1219 570 1369 608 domita

29 626 125 676 quid
166 626 318 665 factum
359 627 430 676 sit,
481 626 666 665 bifariam
709 628 835 665 tradit
875 628 1144 677 Apollodorus
1188 636 1222 666 11
1249 630 1273 666 5
1314 629 1366 666 25

27 683 116 723 τῶν
147 680 462 733 ἀναφυομένων
492 685 694 733 κεφαλῶν
726 683 1072 734 περιγενόμενος,
1102 685 1180 735 τὴν
1212 682 1368 726 ἀθάνα-

27 753 105 782 τον
135 739 366 791 ἀποκόψας
402 740 656 792 κατώρυξε
695 742 762 782 καὶ
796 744 969 793 βαρεῖαν
1000 743 1176 794 ἐπέθηκε
1209 744 1368 793 πέτραν

30 799 149 841 -τὸ
169 800 216 841 δὲ
237 801 353 850 ςῶμα
378 797 647 850 ἀναεχίεα(
671 803 722 854 τῇ
747 802 854 855 χολῇ
880 801 980 842 τοὺς
1005 800 1170 842 ὀιετοὺε
1195 799 1369 852 ἔβαψεν.

28 861 201 899 alterum
236 860 434 899 intellexit
463 861 679 911 planudes,
719 862 822 911 quod
854 874 974 912 aegre
1007 862 1215 912 scripturis
1247 862 1369 900 tradi-

27 919 94 968 tis,
124 930 196 958 nec
222 919 455 958 idoneorum
483 922 691 958 auctorum
719 920 908 969 exemplis
934 921 1169 959 correctioni
1195 923 1369 971 nostrae,

29 978 146 1028 satis,
177 979 224 1016 ut
253 979 372 1028 puto,
402 978 502 1028 leni,
533 978 869 1017 adcommodatur.
919 981 962 1018 at
985 982 1152 1029 pectora,
1183 980 1369 1029 iuyulum,

27 1036 192 1076 vulmera
215 1039 311 1075 tecta
334 1044 550 1085 RECLUDI,
576 1037 800 1076 technicum
825 1037 1067 1076 medicorum
1086 1050 1172 1077 esse
1191 1038 1370 1088 verbum,

27 1095 172 1134 docent
201 1095 337 1134 lexioa.
476 1092 560 1134 249
593 1103 734 1146 Isus,
764 1104 845 1146 NE,
877 1103 1103 1135 SPERNITE
1136 1104 1369 1136 FLAMMAS.

28 1155 92 1192 est
114 1153 213 1193 haec
235 1156 397 1203 praeter
420 1154 778 1203 interpunctionem
801 1155 890 1203 ipsa
907 1155 950 1192 M
969 1156 1183 1204 scriptura:
1212 1154 1370 1194 Oetaeas

28 1213 193 1260 spernite
233 1212 268 1251 E
311 1214 353 1251 et
395 1212 639 1262 reliquorum
682 1213 867 1252 omnium.
1029 1210 1117 1251 294
1158 1213 1369 1252 LUCINAM

28 1265 261 1319 NIXO'SQUE
284 1278 472 1309 PATRES.
509 1271 606 1310 Luc.
624 1282 810 1319 nexosque
827 1282 950 1320 pares
972 1271 1026 1311 M.
1063 1272 1160 1310 Isac.
1180 1273 1232 1310 ad
1255 1284 1370 1311 nexos

27 1333 165 1377 partus
195 1341 285 1368 cum
315 1330 370 1379 gl.
394 1331 457 1368 uel
480 1331 690 1368 secundum
713 1331 780 1368 hoc
810 1331 909 1378 quod
939 1331 1097 1378 quidam
1121 1331 1210 1368 libri
1233 1331 1370 1369 habent

28 1399 219 1436 nexusque
255 1389 347 1427 deas
382 1388 427 1426 E.
477 1388 582 1437 quod
617 1389 773 1438 pridem
810 1388 918 1438 dedi,
961 1389 1152 1437 putabam
1188 1389 1370 1439 intellegi

29 1459 157 1496 posse.
206 1447 271 1485 dei
302 1459 437 1485 omnes
461 1450 597 1495 patres
628 1447 811 1497 audiunt,
848 1447 1018 1485 maxime
1050 1447 1297 1486 obscuriores
1329 1451 1370 1486 et

28 1505 441 1556 indigitamentorum,
485 1505 599 1544 Semo
643 1508 775 1555 pater,
818 1507 933 1555 pater
970 1506 1210 1556 Matutinus,
1255 1508 1370 1555 pater

29 1564 203 1614 Indiges.
262 1565 361 1603 Nixi
395 1565 453 1613 di,
491 1564 539 1603 de
577 1565 719 1614 quibus
750 1565 894 1603 Festus
926 1565 1068 1614 tradit,
1100 1565 1135 1603 si
1166 1565 1369 1603 doctrinae

29 1623 302 1662 Varronianae
339 1623 517 1670 fuerunt,
556 1623 661 1672 quod
698 1636 777 1662 non
814 1623 951 1662 statim
987 1623 1165 1673 memini,
1205 1623 1369 1661 dubium

29 1693 108 1720 non
144 1683 223 1732 est,
267 1682 362 1732 quin
405 1683 674 1720 accusativum
717 1682 931 1720 habuerint
961 1682 1119 1720 Nioeios:
1162 1681 1197 1720 si
1234 1694 1368 1731 super-

29 1740 192 1780 stitione
209 1741 324 1790 vulgi
354 1741 573 1779 consecrati
605 1744 708 1790 sunt,
741 1742 857 1790 signa
889 1743 980 1778 ante
1006 1741 1147 1778 cellam
1166 1740 1368 1780 Minewae

27 1800 186 1848 qenibus
209 1800 306 1838 nixa
330 1793 457 1851 (Fest.
483 1798 555 1844 Qu.
581 1807 631 1838 lx
653 1801 706 1838 25
738 1800 764 1837 1.
788 1802 823 1848 1,
857 1795 902 1851 2)
928 1799 1219 1848 advenerantis,
1245 1799 1369 1838 Nixos

28 1858 224 1896 mansisse
262 1858 506 1908 putaverim3
550 1870 622 1896 nec
658 1859 723 1896 vel
765 1860 925 1907 poetam
963 1857 1178 1895 dedecebat
1217 1870 1369 1896 morem

28 1917 273 1967 popularem,
304 1929 421 1966 quem
447 1916 498 1954 ad
523 1929 707 1966 graecam
738 1928 949 1965 personam
979 1916 1183 1965 transfert,
1215 1916 1368 1954 soloece

28 1986 242 2025 parumper
276 1975 476 2014 inducere.
624 1972 710 2014 406
743 1974 1081 2020 Sussnnc'rAQnE
1120 1981 1247 2013 srros
1286 1983 1368 2013 MA-

28 2041 115 2072 NES
146 2041 361 2073 TELLURE
392 2042 597 2073 VIDEBIT.
658 2045 747 2072 suos
777 2045 909 2071 manes
938 2033 1043 2082 libri,
1074 2033 1115 2070 id
1147 2033 1251 2082 quod
1283 2046 1368 2072 sen-

29 2104 117 2131 sum
147 2093 246 2130 mihi
274 2105 354 2131 non
383 2093 516 2131 habet.
552 2093 701 2140 Slyyz'os
725 2103 857 2130 manes
883 2092 992 2130 adire
1016 2092 1115 2130 dixit
1144 2092 1272 2141 poeta
1283 2101 1368 2130 XIII

28 2151 133 2201 46³5,
175 2153 307 2199 m'yros
348 2163 481 2190 manes
522 2153 649 2189 videre
692 2151 816 2188 Lucil.
848 2146 982 2189 Aetna
1015 2151 1088 2188 76:
1133 2150 1261 2189 simile
1305 2151 1368 2189 hic

28 2209 178 2248 dictum
206 2210 326 2250 volui.
388 2209 515 2248 Marii
543 2212 638 2248 silas
668 2210 849 2257 reliquias
881 2209 980 2247 dixit
1012 2208 1146 2248 Cicero
1178 2208 1303 2259 Legg.
1331 2217 1367 2247 11

29 2269 82 2306 22
117 2269 192 2318 56,
234 2270 276 2307 et
312 2280 412 2318 quae
450 2268 529 2306 alia
564 2269 688 2306 lexica
720 2268 883 2306 dabunt.
1031 2264 1118 2306 416
1149 2267 1368 2306 IUPPITER

30 2333 102 2365 HIS
128 2334 315 2378 AUCTUS,
346 2334 600 2366 PRIVIGNAE
633 2334 759 2366 DONA
792 2334 1049 2376 NURUSQUE,
1076 2326 1366 2365 PRAECIPIET.
