1554 2506
128 83 204 124 [08
355 95 513 118 Amemus
669 81 882 116 METAMM‘
898 107 905 113 .

237 192 455 232 profecisse
489 197 603 243 putes
622 223 633 243 ,
665 191 799 230 eadem
833 197 893 230 est
923 192 1116 230 sententia
1148 190 1282 230 nobis.

238 252 316 290 Cur
349 264 426 290 non
457 253 540 301 ipsa
571 247 718 288 venit?
750 261 821 288 cur
852 249 947 288 haec
980 251 1192 288 certamina
1223 251 1316 288 vitat
1332 246 1370 288 ‘P’

238 310 338 348 Tum
370 309 439 348 dea
472 306 593 347 ‘venit
612 304 637 346 !'
669 309 752 360 ait,
784 308 1026 358 formamque
1058 309 1225 347 removit
1255 308 1424 360 anilem,

238 367 468 417 Palladaque
501 365 706 405 exhihuit.
744 372 981 405 venerantur
1012 367 1171 405 numina
1203 367 1393 418 nymphae

174 434 216 464 45
238 425 569 477 Myo·do11idesque
601 437 726 464 nurus
746 456 755 464 .
793 425 873 464 sola
905 430 966 464 est
996 436 1074 463 non
1106 426 1243 464 territa
1275 426 1408 477 virgo,

240 485 264 523 S
348 491 478 522 tamen
511 483 696 536 exsiluit,
728 482 961 534 subitusque
994 484 1113 522 invita
1144 485 1296 522 notavit

238 543 315 581 Ora
347 542 469 581 rubor
487 573 498 594 ‚
529 554 749 593 rursusque
782 544 967 581 evanuit:
998 549 1043 580 ut
1074 541 1175 581 solet
1204 545 1272 581 aer

236 601 466 651 Purpureus
497 601 583 639 fieri
601 632 612 653 ,
644 612 733 640 cum
765 602 936 652 primum
967 612 1109 640 aurora
1140 606 1343 654 movetur,

236 659 286 698 Et
316 659 434 698 breve
466 666 557 710 post
587 664 741 711 tempus
774 659 1009 698 candescere
1041 658 1134 698 solis
1165 658 1213 698 ab
1244 664 1358 698 ortu.

173 726 216 756 50
237 718 391 756 Perstat
421 719 461 756 in
494 719 651 769 incepto
670 750 682 770 ‚
713 717 954 768 stolidaeque
987 717 1168 768 cupidine
1200 717 1351 769 palmae

237 777 278 814 In
312 789 382 815 sua
414 777 490 814 fata
522 778 630 815 ruit.
669 788 797 827 neque
830 778 934 815 enim
965 775 1054 814 Iove
1086 781 1174 814 nata
1205 781 1364 815 recusat

237 835 318 873 Nec
349 840 483 873 monet
513 834 681 874 ulterius
712 846 786 874 nec
817 836 894 873 iam
925 835 1139 873 certamina
1170 833 1322 873 differt.

236 893 347 932 Haud
380 905 488 932 mora
506 925 517 946 ‚
542 895 796 943 *constituunt
821 893 984 932 diversis
1017 892 1193 943 partibus
1226 892 1358 932 ambae

237 952 287 990 Et
317 952 452 1003 gracili
484 954 657 1002 geminas
689 951 900 991 intendunt
931 953 1096 990 stamine
1127 951 1247 991 telas.

173 1018 215 1048 55
237 1010 328 1049 Tela
360 1012 451 1061 iugo
483 1012 611 1049 vincta
643 1016 733 1062 est,
765 1016 916 1050 stamen
949 1011 1121 1049 secernit
1152 1010 1354 1062 harundo,

236 1069 429 1108 Inseritur
459 1069 632 1108 medium
664 1069 783 1108 radiis
815 1068 1021 1108 subtemen
1054 1070 1201 1119 acutis,

238 1127 349 1173 Quod
381 1127 493 1178 digiti
523 1127 764 1179 expediunt,
796 1133 912 1178 atque
943 1129 1047 1166 inter
1079 1128 1243 1165 stamina
1275 1126 1439 1166 ductum
1469 1134 1471 1137 “

236 1186 429 1225 Percusso
462 1186 610 1224 feriunt
639 1187 779 1225 insecti
810 1186 966 1236 pectine
999 1185 1159 1224 dentes.

238 1243 409 1295 Utraque
443 1244 628 1283 festinant
659 1245 888 1295 cinctaeque
920 1244 967 1282 ad
998 1249 1158 1295 pectora
1188 1250 1317 1283 vestes

173 1311 216 1342 60
237 1302 425 1341 Bracchia
457 1303 569 1341 docta
602 1308 787 1356 movent,
819 1302 949 1341 studio
982 1302 1139 1341 fallente
1170 1302 1367 1341 laborem.

237 1361 318 1400 iilic
350 1369 389 1400 et
420 1361 581 1412 Tyrium
615 1373 712 1412 quae
744 1373 921 1413 purpura
951 1362 1077 1400 sensit
1107 1364 1248 1401 aenum

237 1419 400 1459 Texitur
419 1451 429 1470 ,
461 1425 501 1458 et
532 1426 670 1458 tenues
702 1421 811 1470 parvi
843 1420 1081 1459 discriminis
1112 1419 1299 1471 umbrae;

238 1478 371 1523 Qualis
403 1478 450 1516 ab
483 1478 608 1517 imbre
641 1478 741 1516 solet
770 1480 971 1530 percussis
1003 1477 1152 1517 solibus
1184 1490 1300 1517 arcus

238 1537 399 1576 inficere
432 1538 582 1588 ingenti
612 1536 773 1588 longum
806 1538 1030 1576 curvamine
1063 1536 1238 1576 caelum:

172 1603 215 1634 65
238 1595 280 1634 in
313 1607 390 1646 quo
422 1596 566 1634 diversi
597 1596 747 1634 niteant
778 1607 868 1634 cum
900 1595 1004 1634 mille
1036 1594 1212 1647 colores,

236 1653 442 1692 Transitus
474 1656 557 1705 ipse
590 1659 720 1693 tamen
753 1655 967 1705 spectantia
999 1653 1145 1692 lumina
1177 1653 1296 1693 falli-t:

236 1711 368 1764 Usque
399 1712 494 1751 adeo
527 1712 631 1763 quod
667 1714 791 1763 tangit
821 1712 926 1751 idem
957 1718 1045 1765 est3
1078 1719 1206 1752 tamen
1237 1712 1372 1752 ultima

1291 1770 1462 1810 distant.

236 1830 318 1868 Illic
350 1837 389 1869 et
420 1830 568 1869 ientum
602 1830 674 1868 fiiis
706 1831 919 1869 inmittitur
951 1842 1112 1883 aurum,

237 1888 286 1927 Et
316 1895 428 1928 vetus
461 1890 499 1927 iu
533 1889 606 1927 tela
640 1889 847 1927 deducitur
880 1895 1175 1945 argumentum.

174 1954 216 1985 70
239 1946 424 1998 Cecropia
456 1947 580 1986 Pallas
613 1947 817 1998 scopulum
849 1947 1032 1986 Mavortis
1063 1949 1102 1986 in
1135 1960 1225 1987 arce

237 2005 368 2056 Pingit
399 2011 438 2044 et
469 2007 668 2057 antiquam
701 2005 749 2044 de
782 2011 911 2045 terrae
942 2007 1100 2045 nomine
1132 2006 1264 2045 litem.

237 2063 301 2101 Bis
334 2075 402 2102 sex
434 2064 622 2104 caelestes
654 2064 782 2104 medio
814 2063 904 2103 love
935 2063 1094 2104 sedibus
1126 2065 1213 2104 altis

237 2123 409 2172 Augusta
441 2125 627 2172 gravitate
660 2122 825 2162 sedent.
864 2135 935 2162 sua
966 2135 1162 2175 quemque
1193 2123 1358 2162 deorum

237 2180 420 2219 Inscribit
453 2182 599 2220 facies.
632 2180 732 2220 Iovis
764 2187 825 2221 est
855 2181 996 2233 regalis
1027 2183 1178 2234 imago.

173 2246 215 2277 75
237 2238 349 2278 Stare
382 2238 498 2277 deum
530 2239 656 2290 pelagi
688 2240 882 2291 longoque
914 2241 1033 2279 ferire
1065 2240 1234 2279 tridente

235 2297 381 2350 Aspera
414 2309 504 2336 saxa
536 2298 657 2350 facit,
688 2298 895 2350 medloque
927 2311 948 2338 e
980 2299 1140 2338 vulnere
1173 2299 1255 2338 saxi
