1518 2501
63 75 117 115 22
272 85 453 107 rimarum<
607 68 819 104 METAMM
834 95 844 103 .

180 183 269 222 Sole
301 189 456 221 satum.
495 182 527 218 si
559 180 646 217 ficta
678 178 818 228 loquor
837 209 847 229 ‚
879 182 996 228 neget
1026 178 1110 228 ipse
1142 175 1354 215 videndum

180 243 230 281 Se
261 240 356 280 mihi
374 272 386 292 ,
417 241 544 289 sitque
576 236 699 275 oculis
730 236 797 275 lux
828 238 901 274 ista
934 237 1143 273 novissima
1173 235 1342 273 nostris.

179 301 258 339 Nec
289 299 427 349 longus
458 298 604 347 patrios
637 294 745 333 labor
776 300 837 333 est
868 293 938 332 tibi
969 305 1085 332 nosse
1116 298 1302 344 penates.

177 358 288 397 Unde
319 359 444 395 oritur
462 387 473 406 ‚
504 355 643 393 domus
674 359 735 392 est
775 359 903 391 terrae
941 353 1185 390 contermina
1216 357 1394 390 nostrae.

93 426 158 456 775
181 417 220 455 Si
253 415 365 454 modo
398 415 475 452 fert
494 414 647 451 animus
665 443 676 464 ‚
707 412 870 463 gradere
889 443 901 463 ‚
933 417 972 449 et
991 409 1184 449 scitabere
1204 409 1252 448 ab
1270 411 1356 461 ipso
1371 406 1395 449 .’

178 474 328 513 Emicat
358 471 551 522 extemplo
584 471 708 509 laetus
739 476 829 521 post
858 469 949 508 talia
980 470 1116 507 matris

178 533 285 571 Dicta
318 543 410 569 snae
436 529 636 568 Phaethon
668 535 709 568 et
740 530 911 579 concipit
937 527 1095 566 aethera
1125 533 1280 578 mente,

177 591 465 640 Aethiopasque
498 600 590 627 suos
621 589 849 639 positosque
882 586 956 625 sub
988 585 1144 636 ignibus
1175 585 1291 624 Indos

178 649 350 688 Sidereis
382 648 523 686 transit
547 648 776 697 patriosque
808 644 888 683 adit
918 646 1085 696 impiger
1116 651 1250 683 ortus.

446 900 630 954 LIBER
667 896 1059 980 SECUNDUQ

178 1001 297 1052 Regia
330 999 430 1038 Solis
462 1005 547 1037 erat
577 996 810 1036 sublimibus
841 996 916 1034 alta
941 995 1159 1048 columnis,

179 1059 289 1098 Clara
320 1060 487 1097 micante
519 1068 615 1094 auro
647 1055 899 1105 flammasque
931 1056 1107 1092 imitante
1138 1065 1311 1104 pyrop03

179 1117 299 1156 Cuius
331 1116 430 1154 ebur
462 1114 629 1153 nitidum
660 1114 812 1163 fastigia
844 1124 995 1150 summa
1026 1111 1206 1163 tegebat,

178 1176 340 1226 Argenti
369 1174 517 1212 bifores
549 1171 751 1211 radiabant
781 1171 928 1210 lumine
959 1169 1113 1209 valvae.

139 1244 158 1273 5
178 1234 378 1272 Materiam
409 1230 619 1283 superabat
649 1242 748 1281 opus
769 1260 777 1269 .
815 1241 905 1268 nam
935 1228 1127 1267 Mulciber
1158 1227 1237 1266 illic

178 1294 357 1342 Aequora
389 1290 556 1329 caelarat
586 1288 733 1327 medias
765 1289 961 1338 cingentia
991 1293 1118 1326 terras

179 1351 469 1400 Terrarumque
501 1347 637 1386 orbem
669 1346 898 1397 caelumque
917 1377 928 1398 ‚
959 1345 1063 1396 quod
1082 1346 1262 1384 imminet
1292 1343 1378 1383 orbi

181 1408 388 1447 Caeruleos
420 1406 538 1445 habet
569 1405 672 1445 unda
705 1405 799 1443 deos
817 1436 829 1457 ,
860 1403 1023 1442 Tritona
1054 1415 1266 1456 canorum,

180 1469 398 1517 Proteaque
430 1465 686 1516 ambiguum,
717 1463 1062 1513 ballaenarumque
1092 1468 1336 1514 prementem

119 1537 161 1567 10
181 1529 382 1577 Aegaeona
414 1526 494 1563 suis
526 1525 708 1562 immania
738 1528 848 1572 terga
878 1521 1060 1573 lacertis,

181 1584 400 1634 Doridaque
433 1589 472 1622 et
502 1588 612 1621 natas
631 1614 642 1634 ‚
674 1592 841 1632 quarum
871 1592 962 1631 pars
993 1591 1086 1618 nare
1118 1579 1297 1629 videtur,

180 1643 276 1682 Pars
306 1644 346 1680 in
378 1642 479 1680 mole
513 1641 654 1679 sedens
685 1638 829 1678 virides
863 1640 1011 1677 siccare
1043 1637 1227 1690 capillos,

182 1702 293 1740 Pisce
324 1700 413 1738 vehi
444 1699 635 1750 quaedam
655 1729 663 1737 .
702 1698 821 1736 facies
853 1709 932 1735 non
965 1696 1147 1735 omnibus
1177 1707 1279 1747 una,

183 1759 261 1798 Nec
293 1759 444 1798 diversa
476 1765 635 1809 ta1nen3
668 1756 822 1807 qualem
853 1756 967 1794 decet
998 1767 1085 1794 esse
1117 1765 1322 1793 sororum.

122 1829 162 1858 15
183 1819 304 1856 Terra
334 1819 439 1856 viros
469 1816 668 1866 urbesque
699 1816 801 1866 gerit
832 1814 1025 1864 silvasque
1056 1814 1238 1863 ferasque

186 1876 437 1926 Fluminaque
470 1881 510 1914 et
540 1874 729 1925 nymphas
761 1879 801 1911 et
832 1878 963 1911 cetera
988 1873 1148 1910 numina
1178 1871 1306 1909 ruris.

184 1935 287 1973 Haec
318 1946 437 1984 super
468 1934 637 1984 inposita
669 1938 729 1971 est
761 1931 857 1970 caeli
889 1930 1074 1981 fulgentis
1104 1931 1255 1980 imago,

187 1993 380 2043 Signaque
413 2004 480 2030 sex
512 1991 662 2030 foribus
694 1990 843 2029 dextris
861 2021 872 2042 ‚
903 1989 1145 2038 totidemque
1176 1988 1369 2026 sinistris,

187 2051 271 2096 Quo
305 2049 419 2088 simul
451 2050 593 2088 acclivo
627 2049 849 2099 Clymeneia
880 2047 1003 2086 limite
1036 2045 1167 2098 proles

122 2118 167 2148 ‘20
186 2109 301 2147 Venit
332 2114 371 2146 et
400 2109 559 2146 intravit
591 2107 758 2146 dubitati
783 2112 885 2145 tecta
917 2107 1116 2158 parentiS‚

185 2167 371 2206 Protinus
403 2165 449 2204 ad
480 2167 628 2217 patrios
661 2178 729 2204 sua
761 2166 839 2204 fert
868 2166 1030 2215 vestigia
1061 2163 1192 2202 vultus

188 2225 453 2274 Consistitque
485 2223 652 2275 procul:
684 2236 812 2274 neque
845 2225 948 2261 enim
980 2223 1163 2274 propiora
1195 2219 1344 2259 ferebat

186 2283 349 2322 Lumina
369 2313 378 2321 .
421 2294 621 2333 purpurea
651 2281 799 2320 velatus
830 2288 936 2320 veste
970 2280 1128 2320 sedebat
