1507 2580
532 123 548 156 1
566 150 576 166 ‚
601 126 808 157 esre—770.
873 135 1048 158 sparuna.
1075 136 1256 159 ememor«
1320 124 1372 164 21

159 232 345 283 Coniugis
375 231 439 270 ille
473 244 565 271 suae
599 232 825 283 complexus
858 232 954 271 colla
986 233 1166 285 lacertis,

69 299 136 330 735
157 291 283 330 Finiat
314 296 359 329 ut
388 303 534 341 poenas
566 291 751 343 tandem,
783 298 922 344 rogat,
955 288 1024 330 ‘in'
1058 304 1132 342 que
1166 289 1358 330 ‘futurum

157 350 263 388 Pone
297 355 425 388 metus
443 346 470 401 ‚³
503 350 631 400 inquit
663 347 890 400 ‘numquam
923 350 992 388 tibi
1025 362 1139 389 causa
1172 349 1317 388 doloris

157 408 261 447 llaec
293 404 384 446 erit'
417 414 458 446 et
490 407 642 459 Stygias
674 408 783 446 iubet
814 409 887 447 hoc
920 409 1055 447 audire
1087 408 1271 460 paludes.

157 467 208 506 Ut
239 466 356 505 lenita
388 466 458 505 dea
490 474 579 519 est,
610 466 740 505 vultus
773 470 875 518 capit
906 467 968 505 illa
1000 469 1176 520 priores,

157 525 296 576 Fitque
330 525 435 576 quod
467 531 555 564 ante
588 526 689 564 fuit.
728 527 882 576 fugiunt
907 539 928 564 e
961 539 1125 578 corpore
1158 532 1309 577 saetae,

70 593 136 623 740
158 583 312 623 Cornua
345 584 610 636 decrescunt,
641 585 684 622 fit
714 583 872 622 luminis
904 587 1024 623 artior
1056 585 1186 637 orbis,

158 642 413 682 Contrahitur
445 644 570 682 rictus
589 675 600 694 ,
631 643 799 681 redeunt
831 646 1034 694 umerique
1067 655 1307 694 manusque,

158 701 387 753 Ungulaque
419 703 459 739 in
492 703 634 752 quinos
667 701 812 752 dilapsa
845 701 1063 740 absumitur
1095 714 1269 753 ungues.

157 760 211 799 De
244 760 340 799 bove
373 760 427 799 nil
458 766 668 812 superest,
700 761 846 799 formae
880 763 954 799 nisi
986 761 1160 813 candor,
1190 763 1230 799 in
1260 760 1346 799 illa.

158 818 374 870 Ollicioque
406 818 551 869 pedum
583 819 750 869 nymphe
777 824 959 857 contenta
992 820 1160 858 duorum

70 885 136 916 745
158 877 363 929 Erigitur,
394 879 612 928 metuitque
645 877 780 929 loqui,
812 889 861 915 ne
893 889 1001 916 more
1032 879 1217 916 iuvencae

157 936 334 988 Mugiat,
365 942 405 974 et
437 936 571 974 timide
604 935 722 974 verba
754 937 977 974 intermissa
1010 942 1240 987 retemptat.

156 994 269 1033 Nunc
301 994 372 1033 dea
403 994 565 1045 linigera
598 993 739 1032 colitur
772 994 1026 1033 celeberrima
1057 995 1194 1033 turba.

215 1053 316 1092 Huic
347 1052 532 1104 Epaphus
564 1054 692 1103 magni
723 1054 878 1103 genitus
910 1053 957 1091 de
989 1055 1137 1092 semine
1170 1054 1325 1093 tandem

158 1112 341 1151 Creditur
374 1124 460 1150 esse
492 1111 592 1150 lovis
610 1144 622 1163 ‚
653 1123 802 1162 perque
836 1111 954 1150 urbes
985 1113 1118 1151 iuncta
1148 1116 1301 1164 parenti

69 1180 137 1211 750
157 1170 318 1222 Templa
350 1177 459 1208 tenet
478 1201 486 1208 .
525 1171 598 1208 suit
629 1170 721 1208 huic
753 1171 891 1208 animis
924 1170 1094 1221 aequalis
1125 1178 1165 1210 et
1196 1174 1307 1211 annis

159 1229 248 1268 Sole
268 1235 375 1267 satus
388 1228 591 1267 Phaethon
611 1259 620 1267 .
652 1240 769 1279 quem
789 1228 984 1279 quondam
1005 1241 1140 1281 magna
1154 1230 1377 1282 loquentem

156 1289 238 1328 Nec
270 1287 344 1326 sibi
376 1287 581 1326 cedentem
612 1286 850 1337 Phoeboque
882 1295 1044 1338 parente
1076 1289 1290 1340 superbum

157 1348 243 1386 Non
275 1346 365 1385 tulit
395 1345 598 1385 Inachides
617 1378 628 1398 ,
661 1342 805 1384 ‘matri'
833 1357 908 1396 que
941 1350 994 1386 ait
1025 1345 1168 1386 ‘omnia
1200 1348 1360 1387 demens

159 1406 295 1446 Credis
314 1437 325 1457 ,
357 1411 396 1444 et
427 1418 469 1444 es
501 1404 675 1444 tumidus
707 1405 897 1455 genitoris
929 1408 1096 1458 imagine
1129 1404 1254 1445 falsi?

70 1471 137 1502 755
156 1464 328 1504 Erubuit
358 1463 562 1503 Phaethon
580 1494 592 1516 ,
623 1465 799 1513 iramque
830 1466 982 1514 pudore
1014 1467 1227 1517 repressit,

157 1524 208 1563 Et
238 1523 328 1562 tulit
358 1523 405 1561 ad
437 1522 650 1574 Clymenen
681 1521 832 1573 Epaphi
863 1526 1037 1563 convicia
1068 1530 1256 1564 matrem:

159 1581 340 1633 ‘Quoque
372 1582 494 1632 magis
527 1581 658 1620 doleas
676 1612 688 1633 ,
719 1581 897 1631 genetrix
915 1580 942 1635 ,³
975 1585 1029 1622 ait
1060 1579 1138 1621 ‘ille
1159 1595 1230 1633 ego
1257 1582 1379 1634 liber,

157 1642 224 1681 llle
258 1641 368 1680 ferox
399 1642 532 1679 tacui.
575 1639 698 1691 pudet
728 1639 824 1677 haec
856 1641 1066 1693 obprobria
1098 1641 1209 1679 nobis

157 1700 208 1739 Et
239 1699 316 1739 dici
340 1701 516 1751 potuisse
547 1705 588 1738 et
613 1710 691 1737 non
716 1699 891 1749 potuisse
924 1700 1073 1739 refelli.

71 1766 139 1797 760
159 1762 207 1798 At
238 1765 312 1811 tu,
342 1760 376 1797 si
407 1758 522 1797 modo
554 1769 642 1796 sum
674 1757 832 1797 caelesti
864 1760 985 1809 stirpe
1018 1764 1172 1796 creatus
1192 1790 1202 1810 ,

157 1818 239 1857 Ede
265 1822 396 1856 notam
428 1818 526 1855 tanti
556 1817 712 1868 generis
730 1847 741 1868 ,
772 1827 912 1868 meque
945 1828 1076 1855 assere
1109 1816 1215 1855 caelo
1230 1813 1255 1855 .'

157 1877 262 1916 Dixit
293 1882 333 1915 et
363 1876 556 1927 implicuit
587 1881 763 1913 materno
796 1875 976 1914 bracchia
1009 1874 1133 1928 collo,

156 1935 312 1986 Perque
344 1947 459 1974 suum
491 1934 740 1985 Meropisque
778 1940 895 1985 caput
931 1933 1141 1984 taedasque
1174 1945 1379 1986 sororum,

157 1994 188 2033 T
193 1994 349 2033 raderet
367 2025 378 2046 ,
409 1995 562 2046 oravit,
592 1994 675 2031 veri
707 1990 781 2030 sibi
813 1994 921 2043 signa
953 1994 1149 2044 parentis.

71 2059 138 2091 ’165
158 2052 423 2104 Ambiguum,
455 2051 638 2103 Clymene
656 2082 668 2103 ,
704 2051 889 2100 precibus
920 2050 1175 2090 Phaethontis
1193 2082 1204 2102 ,
1240 2062 1290 2088 an
1321 2051 1377 2088 ira

158 2111 260 2150 Mota
293 2112 415 2162 magis
447 2110 540 2149 dicti
571 2109 646 2148 sibi
677 2110 882 2162 criminis,
913 2116 1080 2160 utraque
1112 2108 1219 2148 caelo

157 2169 345 2209 Bracchia
377 2170 587 2220 porrexit,
619 2173 878 2219 spectansque
912 2168 958 2207 ad
984 2167 1129 2206 lumina
1161 2167 1253 2206 solis

158 2226 250 2268 ‘Per
281 2227 394 2267 iubar
424 2225 515 2266 hoc'
547 2228 675 2277 inquit
707 2224 851 2265 ‘radiis
871 2228 1023 2278 insigne
1055 2227 1231 2265 coruscis
1250 2257 1261 2278 ‚

158 2287 254 2326 Nate
272 2318 284 2339 ,
315 2286 385 2326 tibi
417 2288 504 2325 iuro
529 2317 541 2338 ‚
572 2285 676 2336 quod
709 2297 781 2324 nos
812 2285 998 2336 auditque
1030 2284 1238 2336 videtque,

72 2353 138 2386 ‘170
158 2345 241 2384 Hoc
261 2351 299 2384 te
319 2377 330 2399 ,
362 2357 478 2396 quem
500 2350 654 2395 spectas
674 2375 684 2396 ,
715 2343 789 2382 hoc
814 2350 853 2382 te
874 2375 885 2395 ‚
916 2345 983 2394 qui
1003 2349 1197 2393 temperat
1216 2341 1351 2380 orbem
1367 2373 1377 2393 ‚
