1527 2580
516 154 588 198 XI,
601 157 800 189 awo-493
815 181 823 188 .
1011 167 1099 189 cm'x
1260 153 1344 195 229

124 264 208 311 Qua
240 276 379 304 rursus
412 266 520 317 visa,
552 264 670 303 veluti
703 276 887 316 praesaga
920 264 1065 316 futuri,

123 323 287 363 Horruit
318 323 487 376 Alcyone
520 322 778 374 lacrimasque
811 325 940 362 emisit
970 323 1152 376 obortas,

122 382 413 434 Amplexusque
445 377 581 434 dedit,
613 383 796 433 tristique
827 384 1046 421 miserrima
1079 381 1232 421 tandem

34 449 103 481 460
124 440 202 480 Ore
235 437 348 480 ‘vale'
380 440 507 493 dixit,
539 440 785 493 collapsaque
819 453 984 492 corpore
1018 446 1099 480 toto
1131 448 1213 480 est.

122 500 193 539 Ast
222 501 383 539 iuvenes
402 531 413 552 ,
445 506 658 551 quaerente
691 511 820 539 moras
853 499 1007 552 Ceyce,
1040 500 1236 539 reducunt

123 557 338 598 Ordinibus
369 560 536 610 geminis
567 558 614 597 ad
647 558 761 597 fortia
792 564 953 610 pectora
985 571 1139 611 remos,

123 617 364 669 Aequalique
396 618 477 656 ictu
510 616 696 657 scindunt
726 617 854 656 freta.
893 617 1054 656 sustulit
1084 617 1147 656 illa

121 675 310 715 Umentes
342 675 478 715 oculos
496 707 507 729 ,
540 681 786 727 stantemque
819 678 859 715 in
891 688 1021 728 puppe
1054 687 1218 715 recurva

34 742 102 773 455
124 734 403 786 Concussaque
435 746 552 774 manu
585 735 742 774 dantem
774 734 848 773 sibi
881 736 991 786 signa
1022 736 1205 773 maritum

121 793 253 832 Prima
284 792 390 833 videt
420 793 628 845 redditque
660 799 801 832 notas:
833 793 902 833 ubi
934 800 1039 833 terra
1070 796 1235 833 recessit

122 851 295 904 Longius
313 883 325 905 ,
356 857 473 904 atque
506 851 610 892 oculi
640 858 845 903 nequeunt
876 864 1114 904 cognoscere
1146 853 1300 905 vultus,

123 909 224 950 Dum
255 910 348 950 licet
365 942 376 963 ,
407 912 630 962 insequitur
662 911 877 962 fugientem
908 910 1057 950 lumine
1087 912 1247 962 pinum:

122 968 228 1008 Haec
248 980 405 1021 quoque
425 975 470 1009 ut
489 969 591 1009 haud
617 975 792 1022 poterat,
817 971 941 1021 spatio
963 975 1180 1022 summota,
1205 969 1347 1021 videri,

35 1036 103 1067 470
123 1027 215 1067 Vela
246 1033 376 1067 tamen
409 1034 561 1080 spectat
592 1040 744 1067 summo
777 1027 970 1067 fluitantia
1001 1027 1125 1066 malo.

122 1086 174 1126 Ut
203 1098 277 1126 nec
308 1086 392 1126 vela
422 1080 557 1139 videt,
593 1098 757 1126 vacuum
787 1088 888 1138 petit
918 1087 1031 1126 anxia
1061 1086 1232 1139 lectum,

124 1144 253 1196 Seque
285 1150 372 1184 toro
404 1147 544 1197 ponit.
582 1151 744 1184 renovat
775 1145 980 1197 lectusque
1012 1144 1201 1196 locusque

123 1203 316 1255 Alcyonae
348 1204 556 1256 lacrimas,
588 1210 628 1242 et
659 1215 757 1254 quae
788 1216 880 1255 pars
899 1235 910 1255 ,
942 1203 1153 1255 admonet,
1186 1203 1308 1243 absit.

122 1261 308 1301 Portibus
341 1264 546 1314 exierant,
579 1267 618 1301 et
649 1267 824 1301 moverat
855 1273 948 1301 aur-a
979 1261 1193 1301 rudentes:

35 1327 103 1359 475
124 1319 304 1360 Obvertit
333 1320 446 1361 lateri
477 1320 696 1373 pendentes
728 1322 855 1360 navita
886 1332 1041 1373 remos,

123 1378 358 1431 Cornuaque
389 1381 431 1419 in
462 1391 614 1419 summa
645 1379 747 1418 locat
778 1379 948 1431 arbore,
979 1384 1138 1430 totaque
1171 1378 1270 1418 malo

124 1436 292 1477 Carbasa
324 1438 483 1477 deducit
514 1439 795 1489 venientesque
828 1439 970 1489 accipit
1001 1449 1138 1477 auras.

124 1497 202 1535 Aut
232 1498 391 1549 minus,
424 1502 491 1536 aut
522 1503 629 1536 certe
661 1496 834 1536 medium
865 1508 945 1535 non
977 1496 1142 1548 amplius
1174 1507 1320 1548 aequor

122 1553 260 1607 Puppe
292 1528 528 1608 secabatur,
559 1555 752 1607 longeque
785 1560 869 1594 erat
899 1560 1067 1607 utraque
1099 1554 1239 1607 tellus,

36 1620 104 1652 480
126 1612 223 1653 Cum
255 1625 361 1653 mare
394 1613 468 1653 sub
500 1619 657 1653 noctem
689 1613 849 1653 tumidis
882 1613 1082 1653 albescere
1114 1615 1245 1666 coepit

123 1671 327 1712 Fluctibus
360 1678 400 1712 et
429 1684 618 1724 praeceps
652 1674 801 1724 spirare
832 1672 1025 1711 valentius
1058 1683 1202 1711 eurus.

125 1727 271 1770 ‘Ardua
302 1730 517 1770 iandudum
549 1730 741 1770 demittite
774 1742 921 1769 cornua
939 1727 966 1783 ,³
998 1736 1130 1769 rector

125 1788 274 1829 Clamat
305 1786 360 1829 ‘et
391 1790 584 1828 antemnis
616 1794 742 1828 totum
774 1788 996 1828 subnectite
1027 1788 1157 1827 velum
1173 1785 1196 1826 .'

123 1847 196 1887 Hic
228 1847 366 1888 iubet:
397 1847 618 1900 impediunt
648 1847 832 1887 adversae
864 1848 971 1887 iussa
1001 1846 1221 1901 procellae,

35 1912 103 1944 485
123 1905 204 1945 Nec
236 1907 330 1946 sinit
360 1906 487 1951 audiri
518 1918 653 1946 vocem
685 1907 816 1958 fragor
848 1907 1031 1957 aequoris
1061 1905 1201 1945 ullam.

124 1964 272 2016 Sponte
303 1970 434 2004 tamen
466 1970 681 2017 properant
711 1964 775 2004 alii
807 1964 1029 2016 subducere
1060 1976 1215 2016 remos,

122 2023 218 2062 Pars
250 2025 405 2063 munire
436 2023 538 2063 latus
556 2055 568 2076 ‚
599 2035 691 2074 pars
722 2024 848 2062 ventis
880 2022 963 2062 vela
994 2035 1162 2074 negare:

123 2081 260 2130 Egerit
289 2081 353 2121 hic
383 2081 528 2121 fluctus
546 2113 558 2135 ,
590 2093 816 2133 aequorque
848 2081 1024 2120 refundit
1054 2082 1095 2120 in
1127 2092 1296 2133 aequor,

124 2139 197 2179 Hic
228 2141 331 2192 rapit
361 2145 592 2179 antemnas.
631 2140 856 2191 quaedum
888 2141 973 2179 sine
1005 2139 1090 2191 lege
1122 2146 1338 2193 geruntur,

35 2206 104 2238 490
124 2199 272 2250 Aspera
304 2200 448 2238 crescit
478 2198 604 2237 hiems
622 2230 634 2251 ,
665 2200 850 2250 omnique
878 2210 899 2237 e
930 2203 1042 2250 parte
1073 2198 1227 2238 feroces

122 2256 228 2296 Bella
259 2263 403 2309 gerunt
434 2251 539 2296 venti
571 2257 749 2308 fretaque
781 2256 1023 2308 indignantia
1054 2258 1243 2296 miscent.

122 2314 209 2366 lpse
241 2321 385 2368 pavet,
416 2327 490 2354 nec
521 2327 593 2368 se,
625 2316 692 2367 qui
724 2317 775 2354 sit
807 2320 931 2355 status
950 2347 962 2368 ‚
992 2317 1076 2368 ipse
1109 2315 1255 2355 fatetur

124 2372 235 2413 Scire
265 2375 362 2414 ratis
393 2380 526 2413 rector
543 2405 555 2427 ,
587 2386 660 2413 nec
692 2373 785 2425 quid
817 2373 996 2414 iubeatve
1014 2405 1026 2427 ,
1056 2378 1232 2413 vetetve:
