1527 2580
565 92 640 137 111,
668 92 834 128 728—IV
848 121 856 137 ,
883 97 923 127 61
944 121 950 128 .
1043 107 1106 128 mm
1121 121 1128 129 .
1155 108 1278 129 Tmsni:
1369 95 1423 136 67

138 209 182 241 26
203 201 308 241 Colla
341 203 488 253 premis
521 202 704 253 lyncum.
744 203 910 242 bacchae
943 205 1140 255 satyrique
1180 211 1422 257 sequuntur,

202 259 358 311 Quique
392 272 511 299 senex
539 261 662 299 serula
693 261 907 300 titubantes
933 262 1066 300 ebrius
1098 268 1206 300 artus

204 318 381 358 Sustinet
412 325 451 357 et
483 319 610 369 pando
644 332 719 357 non
754 321 908 358 sortiter
940 320 1076 359 haeret
1106 320 1245 359 asello.

202 376 457 428 Quacumque
484 377 703 428 ingrederis
722 409 733 430 ,
765 378 910 416 clamor
941 378 1128 417 iuvenalis
1161 385 1199 417 et
1231 391 1305 417 una

201 434 407 474 Femineae
439 448 555 474 voces
587 435 818 488 inpulsaque
852 443 1029 488 tympana
1057 437 1193 488 palmis

132 501 177 533 30
197 492 452 545 Concavaque
483 506 571 532 aera
604 501 744 533 sonant
774 495 966 546 longoque
999 497 1186 534 foramine
1219 495 1370 534 buxus.

203 549 397 591 ‘placatus
429 549 629 603 mitisque'
663 559 801 604 rogant
833 553 1045 593 Ismenides
1077 550 1234 606 ³adsis‚'

204 610 392 661 Iussaque
426 623 534 650 sacra
568 611 728 650 colunt..
768 611 870 650 solae
899 612 1108 664 Minyeides
1141 614 1247 651 intus

199 668 475 720 Intempestiva
508 669 711 709 turbantes
744 671 841 709 festa
873 670 1043 709 Minerva

200 728 277 766 Aut
308 727 458 766 ducunt
488 727 593 767 lanas
612 761 622 781 ,
655 734 721 767 aut
752 730 914 767 stamina
948 729 1085 780 pollice
1118 735 1298 781 versant,

140 794 183 826 35
204 787 281 825 Aut
313 786 476 825 haerent
508 787 605 825 telae
639 787 878 838 famulasque
911 787 1110 826 laboribus
1141 792 1333 838 urguent.

201 844 231 883 E
264 844 406 895 quibus
438 857 514 884 una
546 845 618 883 levi
651 845 848 884 deducens
881 846 1019 897 pollice
1052 846 1159 884 filum

201 900 316 941 ‘Dum
349 910 504 942 cessant
542 904 636 942 aliae
670 911 965 954 commentaque
1004 916 1112 943 sacra
1150 904 1423 955 frequentant,

199 961 279 1000 Nos
299 973 456 1012 quoque
475 994 486 1014 ‚
519 974 614 1013 quas
635 962 758 1000 Pallas
772 994 782 1013 ,
810 963 946 1000 melior
966 962 1036 1000 dea
1050 994 1061 1014 ,
1087 962 1237 1000 detinet
1249 958 1275 1014 ‚⁹
1296 963 1423 1012 inquit

205 1017 323 1059 ‘Utile
356 1032 455 1071 opus
487 1032 672 1059 manuum
705 1022 809 1058 vario
843 1033 1021 1059 sermone
1055 1020 1248 1071 levemus,

137 1087 180 1118 40
200 1078 355 1129 Perque
387 1080 492 1117 vices
525 1078 667 1129 aliquid
689 1111 699 1130 ,
732 1078 834 1130 quod
868 1085 1042 1130 tempora
1074 1079 1186 1129 longa
1220 1078 1341 1116 videri

199 1137 286 1176 Non
319 1138 448 1189 sinat,
479 1138 519 1175 in
552 1138 722 1175 medium
762 1150 901 1176 vacuas
939 1138 1156 1175 reseramus
1188 1136 1233 1175 ad
1268 1148 1382 1175 aures
1396 1132 1421 1174 .’

200 1195 311 1234 Dicta
344 1194 540 1247 probant,
567 1198 809 1246 primamque
843 1195 980 1234 iubent
1011 1208 1169 1233 narrare
1203 1207 1380 1233 sorores.

200 1253 267 1292 Illa
287 1285 298 1305 ,
331 1253 423 1304 quid
457 1266 477 1292 e
510 1254 643 1292 multis
676 1255 849 1305 reserat,
881 1266 968 1292 nam
1002 1254 1166 1304 plurima
1200 1259 1334 1304 norat,

200 1311 353 1363 Cogitat
366 1343 380 1366 ·.
394 1318 432 1351 et
453 1311 569 1350 dubia
591 1318 673 1364 est,
693 1312 739 1351 de
762 1318 797 1350 te
811 1344 821 1364 ‚
842 1312 1049 1363 Babylonia
1063 1344 1072 1362 ‚
1093 1318 1246 1363 narret,
1268 1319 1418 1345 §.xxxin

135 1378 179 1410 45
200 1370 357 1409 Derceti
376 1402 386 1422 ,
419 1383 534 1421 quam
566 1383 675 1409 versa
709 1372 880 1421 squamis
912 1370 1128 1408 velantibus
1162 1376 1269 1408 artus

203 1428 348 1480 Stagna
381 1428 588 1467 Palaestini
621 1429 788 1467 credunt
820 1435 986 1467 motasse
1020 1429 1165 1479 figura:

199 1488 257 1526 An
290 1489 439 1540 magis,
472 1494 515 1526 ut
547 1490 712 1538 sumptis
745 1487 847 1526 illius
874 1487 948 1525 filia
981 1488 1120 1538 pennis
1272 1494 1422 1521 nxxxv·

200 1545 410 1584 Extremos
442 1545 539 1584 albis
571 1547 610 1584 in
644 1546 819 1584 turribus
852 1547 975 1596 egerit
1007 1557 1152 1583 annos:

200 1603 293 1643 Nais
311 1617 358 1643 an
380 1611 423 1643 ut
443 1611 557 1643 cantu
580 1606 821 1654 nimiumque
844 1603 1068 1655 potentibus
1090 1602 1222 1641 herbis
1259 1610 1287 1637 r.
1307 1610 1422 1636 xxxvi-

137 1671 181 1703 50
201 1662 374 1702 Verterit
405 1664 444 1701 in
477 1664 616 1701 tacitos
649 1663 838 1702 iuvenalia
865 1675 1028 1713 corpora
1061 1665 1210 1713 pisces,

204 1721 334 1760 Donec
366 1721 468 1760 idem
502 1734 612 1772 passa
640 1728 728 1760 est:
760 1733 807 1760 an
827 1753 838 1773 ,
870 1733 966 1772 quae
1002 1733 1112 1771 poma
1145 1719 1227 1757 alba
1249 1718 1422 1771 ferebat,
1475 1738 1481 1746 ·

200 1779 250 1819 Ut
281 1792 386 1818 nunc
418 1782 526 1831 nigra
562 1781 660 1818 serat
692 1786 871 1818 contactu
905 1780 1104 1829 sanguinis
1137 1777 1274 1815 arbor.

199 1838 281 1877 Hoc
314 1838 467 1889 placet.
506 1838 634 1891 hanc,
667 1840 848 1889 quoniam
881 1838 1050 1887 vulgaris
1077 1836 1202 1874 sabula
1230 1847 1307 1874 non
1340 1841 1422 1888 est,

200 1896 360 1935 Talibus
393 1909 479 1936 orsa
514 1897 666 1947 modis,
698 1897 782 1935 lana
816 1909 882 1935 sua
917 1896 975 1933 fila
1010 1901 1221 1944 sequente.

138 1963 181 1994 55
203 1953 409 2007 ‘Pyramus
441 1962 480 1994 et
511 1955 685 2007 Thisbe,
718 1957 902 1993 iuvenum
936 1954 1222 2005 pulcherrimus
1255 1952 1375 2004 alter,

199 2013 327 2052 Altera
346 2045 357 2066 ,
390 2026 486 2065 quas
518 2016 649 2052 oriens
676 2013 838 2065 habuit,
872 2012 1039 2063 praelata
1072 2011 1235 2064 puellis,

199 2071 410 2122 Contiguas
444 2079 607 2111 tenuere
639 2072 775 2110 domos
796 2103 807 2124 ,
835 2071 898 2109 ubi
933 2071 1076 2109 dicitur
1109 2069 1223 2108 altam

199 2130 413 2170 Coctilibus
445 2133 568 2169 muris
600 2132 768 2169 cinxisse
802 2129 1027 2168 Semiramis
1059 2128 1221 2167 urbem.

199 2189 386 2228 Notitiam
419 2191 645 2240 primosque
678 2189 821 2240 gradus
854 2189 991 2227 vicinia
1026 2188 1140 2226 fecit:

136 2255 180 2287 60
199 2247 394 2299 Tempore
426 2249 549 2286 crevit
580 2259 689 2286 amor
709 2277 717 2286 .
756 2247 889 2285 taedae
922 2259 1078 2297 quoque
1111 2247 1196 2283 iure
1229 2245 1422 2283 coissent:

200 2305 275 2345 Sed
308 2313 468 2345 vetuere
500 2312 633 2357 patres
653 2335 661 2344 .
706 2305 810 2357 quod
842 2317 919 2344 non
951 2312 1116 2356 potuere
1149 2310 1301 2355 vetare,
1328 2344 1344 2354 ‚

1093 2369 1139 2404 5*
