1538 2496
104 100 186 143 196
345 113 498 138 ouranos
653 98 867 135 METAMM
881 126 890 136 .

517 287 701 342 LIBER
736 287 1030 344 DECIMUS.

218 388 313 428 Inde
344 400 416 440 per
447 389 671 426 inmensum
704 398 843 426 croceo
877 387 1025 427 velatus
1057 388 1202 428 amictu

217 448 272 486 Ae
321 459 387 485 era
419 445 667 499 digreditur,
699 445 966 498 Ciconumque
998 445 1245 498 Hymenaeus
1277 447 1323 488 ad
1355 459 1443 488 oras

217 506 249 544 T
277 506 388 557 ndit,
422 510 461 544 et
492 504 648 556 Orphea
678 507 918 557 nequiquam
948 517 1044 544 voce
1074 511 1258 545 vocatur.

220 565 340 603 Assuit
371 563 435 602 ille
468 563 655 616 quidem,
688 563 756 603 sed
788 576 861 603 nec
893 564 1095 603 sollemnia
1125 563 1244 604 verba

178 630 198 661 5
218 622 299 661 Nec
329 622 452 661 laetos
483 622 614 661 vultus
646 634 720 662 nec
751 622 843 661 felix
875 623 1004 662 attulit
1035 635 1173 663 omen.

218 681 297 720 Fax
328 693 515 735 quoque,
548 693 665 732 quam
696 683 848 734 tenuit,
879 681 1085 720 lacrimoso
1117 681 1281 721 stridula
1313 682 1420 722 fumo

218 740 351 791 Usque
384 740 486 792 fuit,
518 739 726 791 nullosque
750 741 900 779 invenit
930 739 1102 779 motibus
1133 741 1267 792 ignes.

218 798 359 837 Exitus
392 799 566 850 auspicio
598 800 781 850 gravior.
819 811 910 838 nam
941 804 1063 850 nupta
1092 811 1165 851 per
1195 799 1338 838 herbas

218 856 319 896 Dum
351 869 449 896 nova
480 858 663 897 naiadum
695 857 809 897 turba
841 859 1024 897 comitata
1055 863 1239 910 vagatur,

157 924 199 956 10
220 916 373 955 Occidit
403 917 444 955 in
475 916 597 956 talum
629 918 826 968 serpentis
858 916 975 956 dente
1006 922 1190 968 recepto.

219 975 346 1021 Quam
378 976 471 1014 satis
503 975 551 1014 ad
582 987 745 1027 superas
777 980 986 1027 postquam
1016 974 1269 1027 Rhodopeius
1301 987 1415 1015 auras

217 1033 382 1073 Dessevit
406 1040 514 1073 vates
532 1065 543 1087 ‚
574 1046 625 1073 ne
657 1046 735 1073 non
767 1039 978 1085 temptaret
1009 1039 1049 1073 et
1079 1033 1263 1087 umbras,

217 1092 275 1131 Ad
309 1092 426 1144 Styga
456 1092 646 1131 Taenaria
678 1099 739 1132 est
769 1105 888 1131 ausus
920 1092 1161 1132 descendere
1191 1098 1328 1145 porta:

217 1150 373 1202 Perque
406 1151 510 1190 leves
541 1151 708 1202 populos
741 1151 1027 1203 simulacraque
1064 1151 1198 1191 functa
1236 1151 1444 1204 sepulchro

155 1215 198 1248 15
218 1209 499 1260 Persephonen
531 1209 626 1249 adiit
655 1211 939 1261 inamoenaque
970 1221 1091 1261 regna
1121 1215 1322 1250 tenentem

220 1268 457 1307 Umbrarum
489 1268 719 1308 dominum.
756 1268 960 1320 pulsisque
993 1267 1041 1307 ad
1073 1270 1245 1308 carmina
1276 1270 1407 1309 nervis

220 1327 286 1366 Sic
317 1329 398 1367 ait:
431 1324 468 1365 eo
500 1329 619 1379 positi
651 1326 724 1366 sub
756 1334 862 1366 terra
894 1329 1053 1366 numina
1085 1327 1246 1381 mundi,

219 1386 264 1425 In
296 1397 414 1437 quem
445 1385 683 1425 reccidimus
702 1418 712 1438 ,
745 1385 932 1437 quicquid
964 1385 1128 1425 mortale
1160 1397 1363 1427 creamur:

221 1444 263 1483 Si
294 1444 387 1483 licet
404 1476 415 1497 ,
448 1450 488 1483 et
518 1444 604 1483 falsi
635 1446 773 1496 positis
806 1444 1033 1496 ambagibus
1065 1446 1146 1484 oris

157 1511 201 1543 20
221 1502 321 1542 Vera
351 1502 459 1554 loqui
492 1504 618 1542 sinitis
638 1535 648 1555 ‚
680 1515 759 1542 non
789 1502 867 1542 huc
885 1535 897 1556 ,
929 1509 973 1542 ut
1004 1515 1123 1555 opaca
1154 1503 1328 1542 viderem

219 1561 381 1601 Tartara
400 1593 411 1614 ,
443 1561 658 1613 descendi3
690 1573 764 1600 nec
795 1563 854 1601 uti
884 1561 1018 1600 villosa
1050 1561 1222 1601 colubris

222 1620 354 1659 Terna
383 1619 584 1659 Medusaei
615 1621 805 1659 vincirem
836 1626 996 1671 guttura
1026 1622 1215 1660 monstri.

221 1679 347 1718 Causa
378 1680 462 1718 viae
494 1680 665 1718 coniunx
683 1710 695 1731 ‚
726 1680 767 1717 in
799 1690 915 1729 quam
947 1678 1093 1718 calcata
1123 1691 1318 1719 venenum

219 1737 361 1789 Vipera
392 1737 548 1777 diffudit
565 1769 576 1789 ‚
609 1742 913 1789 crescentesque
944 1736 1106 1777 abstulit
1136 1749 1282 1778 annos.

155 1803 199 1836 25
219 1795 340 1835 Posse
372 1797 453 1848 pati
483 1795 617 1848 volui,
649 1808 722 1835 nec
754 1808 816 1835 me
842 1801 1055 1847 temptasse
1086 1796 1260 1848 negabo:

219 1854 323 1894 Vicit
351 1855 499 1894 Amor.
538 1866 681 1906 supera
712 1854 810 1895 deus
839 1854 904 1894 hic
935 1854 1035 1894 bene
1056 1860 1173 1895 notus
1204 1857 1245 1894 in
1265 1867 1333 1895 ora
1364 1862 1447 1896 est:

219 1913 279 1952 An
299 1914 350 1952 sit
369 1919 410 1952 et
428 1913 492 1953 hic
510 1945 522 1967 ‚
553 1913 690 1952 dubito
710 1927 720 1965 3
752 1912 820 1952 sed
853 1919 892 1952 et
910 1913 974 1952 hic
993 1895 1317 1966 tamffauguror
1336 1927 1446 1966 esse,

221 1971 418 2022 Famaque
451 1974 484 2011 si
515 1973 660 2011 veteris
691 1983 771 2011 non
803 1977 864 2011 est
894 1973 1058 2011 mentita
1089 1974 1272 2026 rapinae,

219 2028 297 2069 Vos
329 2042 487 2082 quoque
516 2032 646 2070 iunxit
676 2042 813 2070 amor.
849 2042 922 2082 per
954 2042 1025 2082 ego
1057 2030 1154 2071 haec
1183 2031 1269 2071 loca
1297 2031 1411 2084 plena

1271 2091 1446 2144 timoris,

157 2156 203 2190 30
221 2147 299 2187 Per
330 2147 456 2187 Chaos
487 2148 562 2188 hoc
592 2151 732 2201 ingens
763 2150 941 2201 vastique
973 2149 1142 2205 silentia*
1159 2150 1295 2202 regni,

220 2205 436 2259 Eurydices
455 2239 466 2259 ‚
497 2219 567 2246 oro
585 2239 597 2260 ‚
628 2214 837 2260 properata
867 2209 1033 2248 retexite
1064 2209 1164 2248 fata.

222 2264 363 2304 Omnia
394 2265 589 2305 debentur
619 2266 729 2305 vobis
747 2299 759 2319 ,
789 2266 1028 2319 paulumque
1059 2268 1201 2306 morati

223 2323 360 2364 Serius
392 2330 459 2364 aut
491 2326 606 2364 citius
639 2325 772 2364 sedem
802 2337 1061 2378 properamus
1093 2325 1140 2365 ad
1171 2337 1311 2365 unam.
