1554 2506
171 60 252 102 184
413 74 547 97 murore
716 61 933 96 METAMM
950 89 957 96 .

285 172 506 224 Spectatrix
539 171 693 210 aderam
728 172 795 210 fati
827 171 996 211 crudelis
1016 204 1026 224 ,
1062 185 1256 225 opemque

196 239 263 272 360
284 231 370 271 Non
391 238 567 283 poteram
589 230 658 269 tibi
684 230 788 269 ferre
807 261 818 282 ‚
851 242 962 269 soror
983 244 991 270 :
1025 237 1293 283 quantumque
1313 231 1508 287 valebam,

285 291 538 330 Crescentem
569 294 756 328 truncum
787 300 996 340 ramosque
1029 290 1204 342 amplexa
1235 290 1439 345 morabar,

284 349 362 402 Et,
395 350 550 400 fateor,
581 347 686 386 volui
718 346 790 386 sub
825 347 963 387 eodem
997 350 1144 388 cortice
1176 349 1315 390 condi.

283 408 386 447 Ecce
417 408 477 446 vir
508 405 756 445 Andraemon
796 408 1030 458 genitorque
1067 409 1312 447 miserrimus
1346 409 1510 462 adsunt,

268 465 334 512 AEt
365 471 561 517 quaerunt
592 465 804 517 Dryopen:
836 465 1018 517 Dryopen
1053 466 1332 517 quaerentibus
1364 467 1439 507 illis

196 534 239 566 36
285 524 449 564 Ostendi
479 524 617 563 loton.
656 524 787 575 tepido
820 523 913 563 dant
946 524 1078 564 oscula
1109 525 1240 578 ligno,

283 585 486 634 Affusique
518 595 611 622 suae
642 582 840 621 radicibus
873 582 1026 623 arboris
1058 583 1244 624 haerent.

283 643 345 682 Nil
375 644 451 681 nisi
482 643 559 681 iam
578 642 717 681 faciem
735 673 746 694 ‚
779 641 884 693 quod
914 654 993 681 non
1014 643 1116 682 foret
1135 642 1252 682 arbor
1270 674 1281 695 ,
1313 642 1510 697 habebas,

285 701 381 741 Cara
413 713 556 740 soror:
587 701 769 740 lacrimae
802 702 946 740 misero
980 701 1026 740 de
1059 713 1226 753 corpore
1258 702 1370 741 factis

282 761 465 800 inrorant
495 759 628 812 foliis3
660 772 704 799 ac
737 759 829 798 dum
861 759 953 799 licet
971 791 982 811 ‚
1015 771 1161 811 oraque
1192 766 1396 812 praestant

195 828 262 861 370
281 819 397 858 Vocis
428 820 534 872 iter,
565 818 663 858 tales
696 818 861 858 effundit
891 820 932 857 in
965 821 1054 857 aera
1087 824 1274 870 questus:

283 876 437 930 “Siqua
467 877 564 917 fides
596 878 750 917 miseris
768 909 780 930 ‚
811 876 886 916 hoc
918 889 979 916 me
1010 889 1083 929 per
1114 879 1275 917 numina
1305 879 1393 917 iuro

282 937 370 977 Non
401 938 595 976 meruisse
628 936 766 976 nefas.
805 937 933 987 patior
965 937 1049 975 sine
1082 937 1246 976 crimine
1278 949 1468 988 poenam.

280 995 457 1036 Viximus
489 997 681 1035 innocuae
701 1026 710 1034 .
749 996 782 1034 si
813 996 983 1034 mentior
1001 1026 1012 1048 ‚
1045 995 1152 1034 arida
1182 995 1346 1047 perdam

284 1055 388 1101 Quas
420 1054 544 1093 habeo
578 1053 738 1092 frondes
757 1085 768 1106 ‚
801 1059 840 1093 et
872 1065 984 1092 caesa
1016 1053 1226 1093 securibus
1258 1066 1376 1095 urar.

194 1121 262 1155 375
282 1112 397 1153 Hunc
432 1118 559 1152 tamen
591 1113 780 1152 infantem
813 1113 1001 1151 maternis
1034 1112 1179 1152 demite
1210 1114 1353 1166 ramis,

282 1172 332 1212 Et
364 1172 451 1211 date
483 1172 659 1210 nutrici.
697 1176 911 1222 nostraque
945 1170 1018 1210 sub
1051 1170 1191 1210 arbore
1224 1183 1340 1223 saepe

282 1231 359 1270 Lao
392 1231 549 1270 facitote
580 1229 690 1269 bibat
707 1261 718 1282 ,
749 1235 964 1281 nostraque
996 1229 1069 1269 sub
1102 1228 1242 1269 arbore
1274 1229 1403 1270 ludat.

283 1290 460 1341 Cumque
492 1289 601 1340 loqui
632 1290 807 1341 poterit,
838 1294 1005 1328 matrem
1036 1289 1194 1328 facitote
1227 1288 1394 1342 salutet,

282 1349 333 1388 Et
364 1349 490 1388 tris-tis
523 1347 627 1387 dicat
659 1344 802 1387 “‘latet
831 1347 907 1387 hoc
939 1349 981 1388 in
1013 1349 1146 1399 stipite
1178 1353 1302 1387 mater
1318 1344 1375 1388 .”'

196 1416 262 1449 380
284 1408 428 1459 Stagna
460 1413 591 1446 tamen
622 1407 787 1458 timeat,
819 1418 892 1446 nec
925 1411 1059 1458 carpat
1090 1405 1137 1445 ab
1169 1405 1310 1446 arbore
1342 1406 1483 1460 flores,

282 1467 333 1507 Et
364 1467 527 1506 frutices
560 1477 696 1504 omnes
729 1477 873 1517 corpus
903 1470 1018 1517 putet
1048 1477 1135 1505 esse
1168 1465 1352 1506 dearum.

283 1526 380 1566 Care
412 1525 494 1564 vale
529 1526 698 1564 coniunx
717 1557 728 1577 ‚
760 1530 800 1564 et
830 1530 873 1564 tu
892 1555 903 1576 ‚
935 1535 1148 1575 germana,
1179 1524 1394 1576 paterque!

284 1585 390 1637 Qui,
422 1586 533 1635 siqua
566 1589 627 1622 est
656 1584 805 1635 pietas,
837 1583 883 1622 ab
917 1588 1054 1622 acutae
1085 1582 1247 1622 vulnere
1279 1583 1414 1637 falcis,

282 1644 312 1684 Α
345 1645 500 1697 pecoris
532 1654 668 1681 morsu
699 1641 859 1682 frondes
891 1641 1089 1681 defendite
1121 1646 1299 1681 nostras.

196 1710 263 1743 385
284 1702 334 1742 Et
366 1703 551 1754 quoniam
583 1700 678 1740 mihi
709 1701 768 1740 fas
799 1699 848 1743 ad
877 1712 946 1741 vos
977 1699 1207 1740 incumbere
1238 1712 1318 1740 non
1351 1707 1435 1755 est,

282 1759 432 1813 Erigite
463 1760 543 1800 huc
573 1765 683 1800 artus
701 1791 712 1813 ,
744 1765 784 1799 et
815 1759 862 1799 ad
893 1758 1026 1799 oscula
1058 1764 1193 1799 nostra
1222 1761 1377 1812 venite,

284 1820 385 1860 Dum
417 1821 522 1871 tangi
552 1830 744 1872 possum,
776 1827 1019 1871 parvumque
1049 1817 1214 1859 attollite
1246 1824 1404 1858 natum.

282 1879 400 1918 Plura
432 1879 539 1930 loqui
570 1890 725 1929 nequeo
745 1908 755 1917 .
793 1888 882 1917 nam
913 1878 990 1916 iam
1020 1876 1288 1932 pfflcandida
1319 1875 1446 1916 mollis

285 1937 390 1977 Colla
421 1937 521 1977 liber
554 1939 707 1990 serpit,
739 1948 972 1987 summoque
1006 1936 1208 1976 cacumine
1240 1936 1411 1975 condor.

197 2005 264 2037 390
283 1996 341 2035 Ex
374 1996 497 2035 oculis
530 2001 728 2035 removete
760 2007 927 2034 manus.
967 1996 1051 2033 sine
1082 2006 1247 2034 munere
1279 1999 1412 2034 vestro

286 2055 475 2107 Contegat
505 2055 692 2094 inductus
723 2055 930 2093 morientia
961 2053 1108 2093 lumina
1141 2058 1274 2092 cortex
1290 2049 1331 2092 .''

284 2113 489 2154 Desierant
521 2114 637 2153 simul
669 2125 736 2153 ora
767 2113 905 2165 loqui,
937 2112 1052 2151 simul
1085 2124 1200 2151 esse.
1234 2111 1379 2163 diuque
1399 2119 1427 2147 f.
1446 2118 1510 2147 md-

285 2172 458 2224 Corpore
491 2178 641 2212 mutato
677 2173 771 2212 rami
805 2172 959 2211 caluere
991 2176 1174 2210 recentes
1188 2167 1212 2210 .'

344 2231 523 2283 Dumque
558 2232 681 2271 refert
712 2231 790 2270 Iole
824 2231 970 2270 factum
1001 2229 1208 2282 mirabile,
1241 2228 1414 2282 dumque

196 2298 263 2332 395
283 2290 494 2344 Eurytidos
527 2289 705 2330 lacrimas
739 2290 893 2330 admoto
925 2289 1066 2342 pollice
1099 2291 1219 2328 siccat
