1538 2496
75 109 159 151 246
308 121 478 144 cunnum
629 107 843 142 METAMM
858 134 866 142 .

191 219 336 270 Tollit,
368 231 467 257 onus
498 217 691 268 plaustri.
732 215 837 266 quod
867 228 917 255 ne
948 218 1151 268 permittat
1174 218 1215 256 in
1240 216 1416 268 hostem,

192 278 279 329 Ipsa
312 277 404 315 facit
434 276 631 327 gravitas.
669 275 822 313 socium
853 286 1010 326 quoq-ue
1043 287 1158 315 saxea
1189 274 1312 315 moles

191 335 397 387 Oppressit
428 334 552 384 spatio
584 338 753 372 stantem
783 334 969 384 propiore
1001 333 1211 373 Cometen.

104 401 170 433 285
192 393 338 433 Gaudia
358 404 431 431 nec
450 393 596 430 retinet
614 391 814 431 Rhoetus:
840 388 928 430 “sic
947 424 958 444 ‚
986 404 1218 444 comprecor
1235 389 1263 445 ,⁹
1291 395 1419 445 inquit

194 450 349 491 ‘Cetera
381 452 432 489 sit
463 451 577 490 fortis
609 456 830 489 castrorum
861 450 977 489 turba
1009 457 1169 491 tuorum
1183 448 1224 491 !''

193 511 514 560 Semicremoque
545 515 662 548 novat
692 511 904 561 repetitum
938 511 1069 561 stipite
1101 509 1267 563 vulnus,

192 569 348 620 Terque
382 573 600 620 quaterque
632 569 740 619 gravi
771 570 975 607 iuncturas
1007 570 1165 607 verticis
1197 570 1279 609 ictu

192 627 341 680 Rupit,
372 633 413 666 et
444 628 485 665 in
516 625 664 678 liquido
698 626 886 666 sederunt
917 639 1004 666 ossa
1037 627 1226 667 cerebro.

105 694 171 725 290
193 685 325 724 Victor
357 686 404 724 ad
429 685 630 737 Euagrum
659 685 952 737 Corythumque
977 685 1225 738 Dryantaque
1257 688 1420 739 transit,

190 744 221 783 E
255 743 398 795 quibus
429 750 474 783 ut
504 746 631 795 prima
661 750 791 783 tectus
822 744 1005 795 lanugine
1037 744 1157 784 malas

191 802 411 842 Procubuit
443 802 639 854 Corythus
657 834 668 855 ,
702 800 856 854 “puero
889 815 988 854 quae
1020 803 1143 854 gloria
1174 803 1262 843 fuso

190 861 306 901 Parta
338 861 411 900 tibi
443 867 503 900 est
521 858 575 901 ‘2³’
607 861 787 912 Euagrus
820 863 902 900 ait:
934 873 1007 900 nec
1039 861 1171 901 dicere
1203 861 1379 901 Rhoetus

191 920 310 959 Plura
342 921 436 959 sinit
453 952 464 972 ‚
496 920 714 971 rutilasque
746 920 858 958 ferox
889 921 930 958 in
962 926 1096 972 aperta
1126 920 1325 972 loquentis

106 986 172 1017 295
194 978 379 1017 Condidit
409 990 478 1017 ora
508 979 583 1017 vui
600 1010 611 1031 ‚
642 990 807 1029 perque<
825 990 870 1017 os
900 980 941 1017 in
972 984 1135 1030 pectora
1153 1011 1165 1031 ‚
1195 978 1392 1018 flammas.

193 1037 249 1076 Te
282 1049 440 1088 quoque
459 1069 470 1090 ‚
503 1048 615 1075 saeve
648 1036 750 1088 Drya
768 1068 780 1088 ,
813 1038 963 1075 circum
995 1043 1114 1088 caput
1143 1038 1233 1088 igne
1265 1042 1393 1076 rotato

193 1095 451 1146 Insequitur;
483 1095 552 1133 sed
584 1106 664 1133 non
694 1095 736 1133 in
767 1103 806 1133 te
839 1107 996 1145 quoque
1029 1096 1207 1134 constitit
1236 1095 1340 1134 idem
1401 1141 1409 1145 ,

194 1153 363 1193 Exitus:
395 1153 574 1192 assiduae
606 1164 795 1192 successu
828 1152 958 1191 caedis
990 1159 1170 1192 ovantem
1377 1193 1390 1207 ‚

193 1212 277 1257 Qua
308 1213 442 1251 iuncta
474 1217 535 1250 est
565 1223 703 1250 umero
736 1212 869 1250 cervix
887 1243 899 1265 ,
931 1211 1028 1251 sude
1060 1212 1146 1263 figis
1178 1211 1340 1252 obusta.

104 1271 416 1323 3001ngemuit,
448 1271 626 1321 duroque
660 1269 798 1309 sudem
828 1271 892 1309 vix
922 1282 1011 1309 osse
1041 1270 1207 1310 revulsit

192 1329 369 1369 Rhoetus
387 1361 398 1382 ,
430 1335 470 1368 et
500 1331 584 1380 ipse
617 1340 688 1368 suo
721 1328 962 1368 madefactus
994 1330 1184 1380 sanguine
1215 1329 1334 1380 fugit.

192 1388 308 1439 Fugit
339 1394 380 1427 et
411 1387 567 1426 Orneus
599 1386 850 1439 Lycabasque
883 1394 922 1426 et
954 1388 1111 1426 saucius
1142 1399 1251 1427 armo

192 1446 421 1485 Dexteriore
453 1446 595 1485 Medon
627 1452 666 1484 et
699 1458 788 1484 cum
818 1446 1008 1485 Pisenore
1039 1445 1258 1498 Thaumas3

194 1505 349 1556 Quique
380 1505 526 1556 pedum
557 1516 684 1555 nuper
717 1506 930 1543 certamine
961 1506 1109 1543 vicerat
1139 1516 1277 1544 omnes

110 1571 176 1604 305
196 1564 413 1602 Mermeros
432 1596 443 1616 ‚
476 1569 636 1614 accepto
669 1568 753 1602 tum
784 1563 947 1602 vulnere
978 1563 1130 1601 tardius
1160 1562 1264 1602 ibat:

195 1622 245 1661 Et
275 1622 422 1661 Pholus
455 1628 495 1661 et
526 1621 725 1660 Melaneus
759 1628 798 1660 et
827 1621 930 1660 Abas
967 1621 1176 1673 praedator
1212 1633 1424 1673 aprorum,

197 1681 352 1731 Quique
385 1682 468 1720 suis
500 1681 647 1719 frustra
679 1679 825 1719 bellum
857 1680 1126 1732 dissuaserat,
1157 1691 1284 1731 augur

195 1739 391 1778 Asbolus.
429 1739 492 1778 ille
526 1740 644 1777 etiam
675 1740 869 1778 metuenti
899 1738 1063 1778 vulnera
1087 1738 1212 1777 Nesso

196 1795 283 1836 “Ne
316 1796 437 1849 fuge!
470 1797 517 1836 ad
549 1794 781 1836 Herculeos'
819 1799 948 1848 inquit
979 1794 1214 1841 ‘servaberis
1251 1809 1368 1837 arcus
1383 1794 1423 1836 .'’

108 1865 176 1896 310
195 1857 244 1895 At
275 1868 354 1895 non
385 1856 636 1908 Eurynomus
668 1855 910 1907 Lycidasque
949 1862 990 1895 et
1019 1855 1144 1895 Areos
1175 1860 1215 1895 et
1244 1854 1423 1895 Imbreus

195 1915 378 1965 Effugere
411 1927 579 1953 necem:
611 1926 710 1966 quos
742 1926 878 1953 omnes
911 1914 1048 1953 dextra
1077 1913 1260 1965 Dryantis

196 1973 371 2011 Perculit
402 1974 587 2012 adversos
608 2004 616 2012 .
655 1973 863 2012 adversum
894 1979 938 2012 tu
970 1984 1128 2024 quoque
1146 2004 1158 2026 ,
1190 1974 1364 2024 quamvis

196 2031 322 2082 Terga
354 2032 468 2082 fugae
499 2031 664 2070 dederas
682 2063 694 2084 ‚
725 2031 866 2070 vulnus
885 2063 896 2083 ,
929 2030 1102 2070 Crenaee
1120 2062 1133 2084 ,
1163 2031 1313 2071 tulisti:

196 2089 293 2128 Nam
325 2102 440 2140 grave
460 2122 470 2142 ,
502 2092 718 2141 respiciens
737 2121 749 2142 ,
779 2092 883 2129 inter
915 2089 993 2128 duo
1025 2089 1174 2129 lumina
1204 2089 1377 2141 ferrum,

109 2155 178 2188 315
200 2148 285 2193 Qua
316 2149 421 2186 naris
453 2149 574 2187 fronti
605 2150 893 2201 committitur,
925 2149 1068 2200 accipis
1087 2180 1099 2200 ‚
1130 2149 1253 2187 imae.

198 2206 243 2245 In
275 2211 382 2244 tanto
415 2206 574 2245 fremitu
607 2209 761 2246 cunctis
794 2208 879 2245 sine
911 2207 988 2245 fine
1020 2205 1172 2246 iacebat

199 2265 359 2316 Sopitus
390 2266 499 2303 venis
531 2271 571 2303 et
600 2266 900 2317 inexperrectus
931 2264 1125 2317 Aphidas,
1289 2313 1294 2317 q

197 2322 493 2376 Languentique
526 2335 643 2362 manu
676 2324 876 2363 carchesia
907 2325 1028 2363 mixta
1057 2322 1241 2377 tenebat,
