1518 2501
101 58 200 93 XLII

103 170 241 205 natum
276 166 452 214 videtur,
496 164 598 213 quod
637 163 792 212 syllaba
826 164 913 205 nat,
958 161 1104 210 scripto
1142 163 1173 210 t,
1209 161 1257 198 ut
1287 160 1375 197 erat
1403 159 1447 196 in

104 226 186 264 cod.
206 224 373 273 Sarrav.,
406 223 455 261 ad
485 221 618 272 graeci
650 220 961 270 similitudinem,
992 220 1131 257 habita
1159 230 1231 268 pro
1260 220 1327 265 md
1357 229 1447 255 cum

103 284 264 333 lineola,
309 294 408 331 quae
450 293 521 330 pro
558 291 586 317 n
623 280 744 318 esset:
788 279 1006 327 usurpatur
1042 289 1089 316 ea
1123 277 1165 315 in
1200 276 1241 314 M
1277 276 1448 314 maxime

102 342 143 379 in
168 341 244 379 fine
274 340 567 387 vocabulorum,
599 340 713 387 oeten,
744 338 936 380 aeacidem,
968 337 1178 384 eurydicen,
1211 345 1374 383 cyprom
1404 334 1447 372 in

103 400 152 446 B,
191 400 257 448 qui
294 399 522 436 litteratura
558 396 863 445 anglosaxonica
899 396 1103 443 exaratus,
1141 393 1262 432 etiam
1292 393 1335 430 in
1365 403 1447 430 me-

103 458 196 507 diis,
226 457 460 504 idiynantz‘a,
491 456 620 502 ῐὶσονε,
652 457 766 492 iccata
797 463 812 491 1
836 455 913 492 181
953 454 1035 491 184
1073 453 1167 490 190.
1215 451 1321 490 idem
1352 449 1447 488 dici-

103 518 168 553 tur
199 526 243 552 ac
274 523 321 553 VI
342 515 424 552 326
458 513 628 551 tremulis
659 513 895 551 circumdata
925 513 1070 550 cannis.
1205 506 1291 549 632
1321 516 1448 547 BIBU-

102 581 286 619 LAEQUE
310 578 548 610 RETUNSAS
573 571 766 609 RADICIS
792 577 968 609 FIBRAS.
1018 569 1239 617 bibulaeque
1261 578 1450 606 reouruas

102 632 194 669 libri
218 633 377 680 praeter
402 630 455 679 M,
487 629 554 679 qui
578 640 806 677 repufflzans.
850 629 949 666 illud
980 629 1181 678 glossema
1209 625 1450 677 putaverim,

102 690 174 728 1100
204 689 391 727 mendum
421 700 468 726 ex
499 687 741 726 oblitteratis
778 688 819 724 in
850 688 1065 736 archetypo
1096 698 1285 725 versuum
1321 686 1449 723 extre·

102 748 175 786 mis
206 747 407 796 partibus,
439 746 571 795 qualia
601 746 642 784 in
672 746 746 783 1100
776 745 1029 794 potissimum
1058 744 1180 794 libro,
1211 743 1359 793 partim
1388 743 1448 780 in-

103 818 208 855 sana,
239 805 455 843 abundant.
515 816 661 843 vanum
690 816 814 853 prope
846 805 932 841 erat
962 803 1189 841 litterarum
1220 803 1362 840 ductus
1394 801 1447 838 ri-

102 865 213 914 mari,
243 864 321 902 nisi
350 864 435 912 hoc,
468 863 572 912 quod
597 862 812 900 secundum
830 861 1064 911 Vergiliana
1087 863 1253 911 retumso,
1284 861 1449 909 obtwnsi,

103 922 170 960 Ge.
197 930 232 960 11
259 923 340 960 301
392 929 408 959 1
436 922 538 970 262,
584 921 760 970 exhibui,
803 921 1089 969 proprietatem
1124 920 1236 958 illam
1266 930 1363 968 prae
1403 930 1448 956 50

102 981 236 1031 ferret,
268 991 386 1029 quam
416 980 655 1028 peculiarem
686 980 826 1028 poetae
857 980 898 1016 in
929 979 1003 1016 hoc
1028 990 1172 1027 genere
1198 989 1320 1027 supra
1345 976 1446 1015 dice-

101 1039 204 1077 bam.
259 1039 495 1087 ubicumque
544 1038 594 1075 ad
643 1038 701 1075 rei
749 1037 921 1075 rusticae
965 1037 1213 1085 disciplinam
1256 1036 1448 1084 defertur,

103 1096 238 1135 Sabini
268 1096 428 1145 ingenii,
461 1108 536 1144 quo
567 1098 697 1145 natus,
730 1095 990 1145 sagacitatem
1015 1106 1220 1144 agnose-as.
1268 1094 1446 1132 radicum

102 1155 232 1204 fibras,
264 1166 352 1192 cum
383 1154 568 1192 ariditate
598 1155 776 1203 torpent,
806 1153 1008 1203 resiliunt,
1039 1155 1315 1203 extenuantur,
1344 1152 1447 1190 nihil

102 1213 178 1251 diei
207 1214 341 1261 potest
371 1212 579 1261 signatius,
611 1224 729 1261 quam
759 1212 930 1250 retundi.
1074 1208 1158 1250 658
1191 1212 1445 1257 PLURAQUE

102 1278 352 1309 LAUDATAE
396 1277 454 1308 AO
503 1278 651 1308 DEDIT
690 1276 879 1318 OSCULA,
918 1277 1092 1316 QUALIA
1110 1291 1178 1307 —.
1237 1268 1448 1317 Paucaque

103 1331 282 1368 laudatae
312 1329 412 1367 dedit
441 1328 534 1366 libri
565 1340 716 1378 omnes3
747 1328 852 1378 quod
882 1340 959 1366 non
989 1328 1275 1378 intelligebam.
1325 1327 1447 1366 auda-

103 1388 186 1426 cius
222 1388 392 1425 fortasse
430 1387 567 1425 refinxi
604 1398 693 1424 cum
730 1389 955 1425 structurae
997 1387 1275 1436 imparilitate,
1318 1385 1449 1436 qualis

104 1454 134 1484 V
156 1447 238 1484 130
278 1457 350 1492 quo
385 1457 463 1482 non
491 1446 713 1493 possederat
744 1446 840 1483 alter
870 1446 1004 1495 latius,
1041 1448 1110 1483 aut
1143 1445 1294 1483 totidem
1329 1439 1450 1497 (quot

103 1499 189 1556 ille)
222 1505 370 1542 tollebat
400 1505 497 1542 turis
528 1515 690 1542 acervos.
811 1500 895 1542 662
928 1503 1060 1548 QUAM
1092 1510 1281 1542 COMPTA
1312 1511 1447 1542 Pos'r·

105 1570 233 1608 QUAM
279 1569 483 1599 PARITER
529 1570 733 1600 VIRTUTE
777 1570 1022 1600 PROBAVIT.
1084 1562 1210 1610 Quam
1251 1563 1360 1610 copia*
1401 1573 1446 1609 p.

102 1621 155 1670 M,
176 1620 299 1668 Quam
329 1622 432 1658 socia
454 1632 498 1668 p.
546 1621 700 1669 reliqui.
745 1616 946 1669 ‘probavit
976 1615 1041 1672 (ut
1072 1629 1124 1658 111
1143 1615 1248 1673 425)
1279 1621 1449 1670 propter

102 1679 310 1727 virtutem,
347 1691 447 1727 quae
485 1678 602 1716 simul
643 1674 810 1729 (pariter
841 1686 873 1716 11
893 1679 976 1717 505
1015 1687 1100 1717 VIII
1121 1674 1225 1730 324)
1262 1680 1447 1718 ornatum

103 1732 294 1774 haberet?
432 1734 514 1775 671
554 1744 645 1775 NEC
677 1744 885 1776 CONIUNX
917 1745 1083 1785 TIMIDI,
1119 1745 1212 1776 Aur
1244 1743 1447 1776 AnnAc1s

104 1803 270 1833 ULIXIS.
319 1795 468 1833 retraxi
499 1795 667 1845 obelum,
699 1808 816 1844 quem
847 1795 942 1833 olim
971 1796 1097 1845 posui.
1146 1796 1352 1834 fatendum
1384 1797 1449 1834 est

105 1853 287 1891 affectata
312 1856 352 1891 et
371 1854 631 1902 grammatica
661 1854 731 1891 illa
761 1854 969 1892 reticentia
988 1867 1115 1913 nsum
1140 1855 1312 1904 poetam,
1344 1866 1449 1908 quae

105 1914 382 1960 praeterquam
412 1913 452 1949 in
480 1912 592 1950 Ibide
622 1912 689 1951 vix
719 1920 767 1950 IV
790 1914 885 1961 786,
928 1920 977 1950 IX
999 1914 1080 1951 123
1114 1913 1298 1951 occurrit.
1347 1913 1448 1951 timi-

105 1970 193 2017 dus,
237 1982 353 2018 quem
389 1970 568 2019 intellegi
598 1971 703 2020 vult,
734 1973 795 2009 est
825 1971 1043 2021 Adrastus,
1083 1972 1151 2020 qui
1182 1967 1368 2019 ἔφευγεν
1399 1967 1448 2009 ἐκ

106 2025 274 2075 Θηβῶν,
318 2025 464 2075 εἵματα
508 2026 642 2077 λυγρὰ
679 2026 826 2077 φέρων
864 2026 938 2068 cuv
969 2025 1147 2077 Ἀρείονι
1186 2025 1447 2080 κυανοχαίτῃ

105 2085 220 2123 Paus.
253 2094 334 2123 VIII
362 2088 457 2124 258.
512 2087 595 2125 01115
633 2088 800 2126 coniunx
829 2087 1074 2136 Amphithea
1103 2088 1312 2126 Pronactis
1350 2087 1447 2137 filia,

103 2143 285 2192 Apollod.
306 2153 321 2181 1
343 2146 364 2182 9
390 2146 455 2194 13,
481 2145 589 2184 cuius
615 2147 724 2194 proci
742 2146 955 2195 Agathone
980 2146 1086 2196 apud
1105 2147 1249 2184 Athen.
1269 2159 1306 2196 p.
1327 2145 1447 2185 528d

104 2204 207 2240 teste
237 2202 418 2241 Aetoliae
456 2204 581 2241 omnis
618 2205 824 2254 nobilitas,
863 2205 930 2254 qui
967 2205 1108 2243 deinde
1140 2204 1306 2243 Curetes
1339 2197 1448 2254 dicti,

104 2260 274 2299 fuerunt.
409 2258 510 2311 705,
543 2259 646 2313 706,
679 2260 760 2301 707
800 2264 970 2313 expunxi
1006 2263 1083 2302 fide
1117 2263 1176 2314 M,
1214 2263 1287 2302 etsi
1326 2263 1446 2313 paulo
