1527 2580
582 122 629 156 IX
646 150 654 166 ,
681 126 864 157 359—432
882 150 888 157 .
968 135 1232 158 nexae-omnm:
1322 124 1403 166 185

183 230 366 270 Alcmene
386 263 397 283 ‚
430 231 495 269 flet
529 239 567 271 et
599 234 680 283 ipsa
715 240 842 272 tamen
862 265 873 285 ‚
906 235 1147 285 compescuit
1179 245 1332 272 omnem

182 289 260 328 Res
293 301 390 329 nova
423 291 650 330 tristitiam.
691 304 776 330 nam
811 293 942 330 limine
975 293 1151 331 constitit
1177 292 1252 330 alto

181 347 309 387 Paene
341 360 441 400 puer
473 348 667 400 dubiaque
701 357 836 401 tegens
867 351 1048 401 lanugine
1082 350 1222 402 malas,

184 405 261 446 Ora
293 407 530 446 reformatus
561 410 709 460 primos
745 409 868 447 lolaus
900 411 939 448 in
972 421 1115 448 annos.

95 472 162 505 400
182 465 265 504 Iloc
297 465 352 504 illi
384 465 544 505 dederat
575 466 736 506 Iunonia
770 470 943 506 muneris
976 467 1129 519 llebe,¹
1276 476 1306 501 1.
1327 476 1404 502 exn.

184 523 292 563 Victa
325 526 396 563 viri
423 525 637 575 precibus.
678 538 774 577 quae
809 538 897 564 cum
930 528 1059 565 iurare
1092 532 1270 579 pararet,

184 582 292 621 Dona
324 582 561 622 tributuram
593 590 682 635 post
714 584 818 623 hunc
852 598 892 623 se
925 585 1012 623 talia
1046 585 1163 636 nulli,

182 640 268 679 Non
301 648 361 680 est
392 654 503 693 passa
536 642 722 682 Themis.
764 640 866 682 ‘nam
899 645 974 682 iam
1007 644 1198 682 discordia
1232 642 1386 681 Thebae

182 699 285 738 Bella
320 707 476 740 movent
494 697 520 753 ‚⁹
553 700 650 740 dixit
682 699 977 754 ‘Capaneusque
1004 703 1078 740 nisi
1111 701 1156 740 ab
1190 701 1276 740 Iove
1305 702 1405 740 vinci

94 757 295 797 40511aud
327 760 502 811 poterit,
534 760 707 811 fientque
740 773 853 812 pares
886 763 925 799 in
958 760 1117 799 vulnere
1151 761 1316 812 fratres,

185 816 464 868 Subductaque
497 820 592 857 sitos
620 831 753 858 manes
786 819 924 858 tellure
956 818 1102 858 videbit

183 874 301 914 Vivus
333 876 459 915 adhuc
491 883 627 928 vates;
660 877 843 929 ultusque
876 883 1037 929 parente
1069 882 1271 929 parentem

183 933 305 974 Natus
338 936 414 973 erit
446 935 546 974 sacto
579 937 667 987 pius
701 942 739 975 et
771 936 984 975 sceleratus
1018 935 1178 975 eodem:

182 993 459 1043 Attonitusque
492 993 601 1032 malis
621 1025 632 1046 ‚
664 994 754 1034 exul
785 996 1004 1045 mentisque
1037 994 1277 1046 domusque,

94 1059 162 1091 410
182 1050 362 1090 Vultihus
394 1050 655 1092 Eumenidum
688 1055 902 1104 matrisque
935 1051 1144 1104 agitabitur
1175 1051 1348 1104 umbris,

182 1109 316 1149 Donec
348 1122 440 1149 eum
472 1112 641 1150 coniunx
674 1111 787 1151 fatale
819 1113 1045 1163 poposcerit
1076 1122 1237 1162 aurum,

186 1167 480 1220 Cognatumque
514 1169 614 1209 latus
640 1169 834 1221 Phegeius
866 1170 1041 1208 hauserit
1072 1170 1200 1208 ensis.

184 1227 285 1266 Tum
317 1227 474 1266 demum
507 1240 645 1279 magno
678 1234 787 1279 petet
817 1228 887 1267 hos
919 1227 1101 1267 Acheloia
1133 1226 1296 1278 supplex

185 1285 242 1324 Ab
276 1285 363 1325 Iove
397 1284 589 1325 Callirhoe
621 1289 723 1326 natis
754 1286 970 1326 infantibus
1003 1298 1147 1338 annos,

96 1352 164 1384 415
186 1344 291 1384 Neve
324 1357 462 1385 necem
495 1347 596 1384 sinat
628 1357 714 1384 esse
747 1345 813 1383 diu
847 1344 1010 1383 cultoris
1041 1342 1227 1382 inultam.

187 1402 366 1454 Iuppiter
397 1404 482 1456 his,
515 1410 669 1456 motus,
701 1405 904 1455 privignae
938 1402 1038 1441 dona
1070 1412 1299 1452 nurusque,

184 1460 433 1513 Praecipiet,
466 1461 658 1512 facietque
691 1462 795 1500 viros
826 1460 1039 1513 inpubibus
1072 1461 1184 1499 annis
1199 1457 1223 1498 .'
1270 1467 1406 1494 §.cxlii-

245 1519 349 1558 Haec
380 1519 449 1558 ubi
482 1520 649 1559 faticano
680 1522 837 1559 venturi
868 1521 1042 1571 praescia
1074 1519 1170 1558 dixit

186 1577 264 1617 Ore
296 1577 484 1630 Themis,
517 1580 621 1618 vario
655 1580 788 1630 superi
821 1590 1002 1617 sermone
1035 1576 1275 1630 fremebant,

97 1645 166 1678 420
186 1636 264 1689 Et,
296 1648 368 1676 cur
399 1647 478 1675 non
511 1637 594 1676 aliis
627 1637 762 1676 eadem
795 1637 886 1675 dare
920 1637 1018 1675 dona
1051 1636 1209 1687 liceret,

186 1695 364 1734 Murmur
396 1700 508 1734 erat.
547 1697 728 1746 queritur
760 1701 911 1734 veteres
942 1694 1150 1733 Pallantias
1182 1704 1303 1732 annos

187 1753 373 1805 Coniugis
406 1764 492 1792 esse
525 1755 614 1793 sui:
648 1755 827 1804 queritur
859 1764 1067 1792 canescere
1099 1752 1205 1791 mitis

187 1811 338 1851 Iasiona
371 1811 520 1851 Ceres:
553 1814 764 1863 repetitum
797 1810 986 1850 Mulciber
1019 1822 1155 1850 aevum

186 1870 319 1910 Poscit
349 1869 635 1910 Erichthonio:
667 1869 858 1909 Venerem
890 1880 1046 1920 quoque
1079 1879 1172 1908 cura
1205 1868 1328 1908 futuri

98 1937 166 1969 425
186 1929 356 1982 Tangit,
389 1934 428 1968 et
458 1929 650 1968 Anchisae
683 1940 871 1968 renovare
903 1928 1115 1979 paciscitur
1147 1939 1291 1966 annos.

189 1988 260 2027 Cui
292 1987 476 2040 studeat,
507 1987 605 2027 deus
637 1988 764 2026 omnis
796 1986 941 2038 habet3
974 1986 1194 2036 crescitque
1228 1985 1358 2024 favore

188 2045 360 2085 Turbida
393 2046 532 2085 sedit10
552 2079 563 2099 ‚
595 2045 720 2085 donec
753 2057 822 2084 sua
855 2044 1029 2096 luppiter
1061 2055 1129 2082 ora

189 2104 340 2157 Solvit,
372 2111 412 2144 et
444 2102 510 2144 ‘ol
543 2106 668 2143 nostri
700 2105 809 2154 siqua
843 2109 903 2142 est
934 2103 1154 2142 reverentia
1166 2098 1194 2155 ,³
1225 2102 1322 2141 dixit

188 2161 289 2209 ‘Quo
322 2164 437 2202 ruitis
457 2160 478 2202 Ῥ
510 2169 711 2202 tantumne
745 2162 883 2213 aliquis
915 2160 989 2200 sibi
1020 2172 1135 2212 posse
1167 2160 1345 2213 videtur,

99 2230 167 2262 430
187 2222 281 2262 Fata
314 2233 470 2272 quoque
503 2227 547 2260 ut
578 2218 778 2272 superet?
812 2221 899 2258 satis
931 2219 1058 2258 Iolaus
1090 2220 1129 2257 in
1163 2230 1308 2271 annos,

188 2280 296 2326 Quos
328 2281 435 2332 egit,
467 2279 612 2319 rediit.
651 2279 739 2318 satis
771 2280 1023 2317 iuvenescere
1056 2277 1200 2316 dehent

189 2337 380 2379 Callirhoe
412 2339 563 2390 geniti,
594 2349 671 2377 non
705 2336 914 2376 ambitione
947 2347 1020 2375 nec
1046 2337 1185 2375 armis.
