1554 2506
133 83 153 121 1
162 79 215 121 74
357 91 533 115 acuemus
685 76 897 112 METAMM
914 104 920 111 .

249 190 434 243 Cornua,
467 189 560 228 dum
591 188 728 239 potui.
769 197 873 226 nunc
904 197 995 237 pars
1027 192 1134 225 caret
1165 186 1285 225 altera
1316 186 1393 226 telo

248 249 434 301 Frontis,
465 254 508 287 ut
539 249 622 297 ipse
655 244 761 284 vides
781 242 807 284 .'
845 246 1013 296 gemitus
1052 250 1144 284 sunt
1175 244 1291 285 verba
1323 246 1465 286 secuti.

260 450 300 533 s
563 500 746 553 LIBER
782 498 987 554 NONUS
1003 539 1014 553 .

248 600 354 646 Quae
387 601 555 652 gemitus
588 604 829 650 truncaeque
862 599 935 637 deo
967 597 1188 649 Neptunius
1220 597 1337 637 heros

249 658 372 698 Causa
403 663 515 710 rogat
546 658 716 697 frontis.
755 669 846 697 cum
877 658 934 696 sic
966 656 1199 708 Calydonius
1232 659 1355 695 amnis

248 717 414 771 Coepit,
447 719 649 757 inornatos
681 716 888 755 redimitus
919 714 1139 754 harundine
1171 715 1326 754 crines:

249 774 394 816 ‘Triste
425 777 527 828 petis
559 787 731 815 munus.
772 776 860 826 quis
892 775 997 813 enim
1028 785 1098 813 sua
1128 773 1277 825 proelia
1309 775 1433 813 victus

209 843 229 874 5
251 835 566 875 Commemorare
598 833 691 873 velit
709 831 731 873 Ῥ
762 834 932 872 referam
953 838 1083 872 tamen
1104 832 1241 871 ordine
1261 863 1270 871 .
1303 844 1375 872 nec
1395 838 1472 872 tam

247 894 380 946 Turpe
413 895 487 934 fuit
518 895 649 945 vinci,
683 904 798 944 quam
830 891 1080 931 contendisse
1113 890 1301 931 decorum
1333 896 1415 944 est3

247 953 462 1004 Magnaque
495 952 560 991 dat
591 951 704 991 nobis
736 956 867 990 tantus
900 950 1042 989 solacia
1072 950 1220 990 victor.

248 1012 414 1051 Nomine
440 1013 552 1063 siqua
583 1023 654 1051 suo
686 1010 844 1049 tandem
874 1010 1054 1061 pervenit
1085 1008 1133 1048 ad
1164 1020 1280 1048 aures

248 1070 430 1110 Deianira
460 1076 547 1110 tuas
580 1091 635 1097 -—
669 1068 864 1120 quondam
894 1067 1160 1120 pulcherrima
1190 1069 1297 1118 virgo

187 1138 229 1170 10
248 1129 541 1180 Multorumque
573 1128 648 1167 fuit
678 1139 769 1179 spes
800 1127 990 1166 invidiosa
1019 1137 1255 1178 procorum.

250 1187 349 1228 Cum
381 1187 524 1239 quibus
556 1192 601 1226 ut
633 1187 761 1225 soceri
792 1185 931 1225 domus
964 1189 1024 1224 est
1055 1186 1198 1224 intrata
1229 1185 1364 1238 petiti,

250 1244 424 1298 “Accipe
456 1258 518 1285 me
551 1257 741 1297 generum
759 1241 786 1298 ‚³
818 1244 897 1283 dixi
930 1241 1163 1282 ‘Parthaone
1196 1248 1285 1282 nate
1299 1239 1340 1282 :''

249 1306 354 1345 Dixit
384 1311 424 1344 et
454 1304 636 1344 Alcides.
675 1303 739 1342 alii
771 1314 925 1343 cessere
959 1301 1134 1342 duobus.

250 1364 317 1404 Ille
349 1363 479 1404 Iovem
511 1375 693 1404 socerum
725 1362 817 1401 dare
850 1374 891 1401 se
909 1393 922 1415 7
953 1361 1173 1412 famamque
1204 1359 1405 1414 laborum,

188 1431 229 1462 15
249 1423 299 1462 Et
330 1428 513 1475 superata
545 1434 638 1461 suae
670 1420 868 1460 referebat
897 1422 1003 1460 iussa
1034 1431 1247 1459 novercae.

252 1482 396 1522 Contra
428 1493 499 1533 ego
533 1478 681 1532 “turpe
714 1480 831 1519 deum
862 1478 1017 1518 mortali
1050 1477 1190 1518 cedere
1204 1474 1229 1518 τ’
1262 1477 1342 1518 dixi
1374 1500 1428 1506 —

250 1541 433 1581 Nondum
465 1545 550 1579 erat
568 1539 632 1578 ille
653 1539 751 1578 deus
772 1560 827 1566 ——
849 1535 1000 1589 ‘regem
1031 1549 1093 1576 me
1125 1538 1255 1576 cernis
1287 1548 1474 1589 aquarum

252 1599 442 1639 Cursibus
475 1599 643 1649 obliquis
675 1599 778 1636 inter
811 1603 876 1636 tua
902 1608 1023 1648 regna
1048 1595 1263 1635 fluentum.

251 1658 332 1698 Nec
364 1670 485 1710 gener
517 1657 691 1697 externis
722 1656 866 1708 hospes
898 1655 969 1694 tibi
1001 1656 1146 1694 missus
1177 1653 1225 1693 ab
1257 1655 1359 1708 oris,

189 1726 233 1758 20
254 1717 331 1757 Sed
363 1716 563 1769 popularis
596 1727 664 1754 ero
697 1721 736 1754 et
765 1727 900 1754 rerum
932 1725 1023 1766 pars
1054 1725 1132 1752 una
1162 1718 1342 1753 tuarum.

252 1776 421 1816 Tantum
451 1787 501 1815 ne
533 1779 672 1814 noceat
689 1806 700 1826 ‚
733 1773 837 1825 quod
869 1785 931 1812 me
963 1784 1036 1811 nec
1066 1772 1174 1823 regia
1204 1770 1302 1811 Iuno

255 1835 374 1888 Odit,
413 1840 453 1874 et
484 1835 611 1873 omnis
643 1832 754 1871 abest
785 1833 985 1871 iussorum
1014 1842 1141 1883 poena
1171 1829 1371 1869 laborum.

255 1894 352 1933 Nam
370 1925 382 1947 ,
414 1906 491 1945 quo
523 1898 562 1932 te
594 1893 715 1931 iactas
734 1923 745 1943 ,
777 1891 962 1930 Alcmena
992 1895 1125 1942 nate*
1144 1894 1343 1941 creatum,

254 1952 429 2004 Iuppiter
461 1958 527 1991 aut
558 1950 678 1990 falsus
709 1955 822 2002 pater
853 1954 942 2002 est,
973 1954 1041 1988 aut
1072 1949 1236 1987 crimine
1268 1959 1406 1987 verus.

191 2020 234 2051 25
254 2011 388 2050 Matris
420 2010 614 2050 adulterio
645 2014 798 2061 patrem
828 2009 959 2060 petis.
999 2006 1097 2058 elige
1115 2037 1127 2059 ‚
1158 2006 1294 2045 fictum

253 2069 351 2109 Esse
383 2069 514 2109 Iovem
545 2068 686 2120 malis,
718 2080 765 2107 an
798 2072 835 2106 te
867 2078 939 2119 per
971 2065 1142 2105 dedecus
1174 2070 1306 2104 ortum
1320 2061 1361 2103 .’'

255 2128 363 2167 Talia
394 2127 590 2168 dicentem
621 2126 836 2166 iandudum
867 2125 1014 2165 lumine
1045 2131 1156 2164 torvo

257 2187 445 2240 Spectat,
477 2193 516 2225 et
547 2197 733 2225 accensae
765 2197 844 2224 non
875 2185 1031 2223 fortiter
1061 2185 1228 2235 imperat
1257 2183 1363 2235 irae,
1417 2183 1421 2186 ’

256 2245 461 2297 Verbaque
494 2251 552 2284 tot
583 2245 741 2284 reddit:
773 2241 942 2283 “melior
973 2242 1068 2281 mihi
1100 2241 1261 2281 dextera
1290 2241 1444 2292 lingua.

194 2315 237 2346 30
257 2304 474 2345 Dummodo
507 2303 716 2356 pugnando
749 2314 932 2355 superem
951 2333 962 2354 ‚
994 2308 1036 2341 tu
1070 2302 1180 2340 vince
1211 2296 1437 2351 loquend0”
