1527 2580
553 128 659 173 VIII,
685 132 872 164 428—501
891 157 898 165 .
1013 143 1195 167 manmena
1317 133 1396 176 163

90 246 156 279 466
177 238 302 290 Saepe
334 245 441 278 metu
473 237 632 277 sceleris
665 239 863 291 pallebant
894 252 962 279 ora
994 241 1139 294 futuri,

178 296 302 349 Saepe
335 308 450 336 suum
483 296 637 336 fervens
671 298 793 336 oculis
827 297 941 338 dabat
971 300 1027 338 ira
1061 299 1267 352 ruborem;

175 354 226 394 Et
257 354 370 395 modo
404 357 535 394 nescio
569 355 661 406 quid
693 356 829 395 similis
862 357 1020 396 crudele
1054 360 1215 397 minanti

177 412 314 454 Vultus
346 420 459 466 erat,
491 414 604 453 modo
637 427 754 465 quem
787 417 965 454 misereri
999 416 1159 456 credere
1192 430 1348 469 posses.

177 472 353 524 Cumque
386 473 494 512 ferus
527 472 705 512 lacrimas
738 475 855 512 animi
888 477 1100 514 siccaverat
1131 475 1269 528 ardor,

89 539 157 571 470
176 530 481 571 Inveniebantur
514 531 696 570 lacrimae
731 538 887 571 tamen.
928 539 1046 584 utque
1082 536 1234 587 carina,

176 590 301 637 Quam
334 596 472 629 ventus
505 595 698 641 ventoque
732 592 833 642 rapit
865 593 1084 631 contrarius
1116 599 1269 646 aestus,

177 648 261 688 Vim
292 650 486 700 gemmam
517 650 665 702 sentit,
697 655 885 700 paretque
918 652 1066 689 incerta
1098 650 1274 690 duobus:

176 707 357 747 Thestias
389 707 492 746 haud
525 707 637 746 aliter
669 707 796 746 dubiis
830 708 1033 747 affectibus
1066 715 1193 762 errat,

178 765 336 818 Perque
370 767 474 805 vices
505 767 616 817 ponit
647 768 891 818 positamque
925 769 1133 806 resuscitat
1165 770 1279 808 iram.

90 832 155 864 476
179 824 320 876 Incipit
350 836 436 864 esse
471 830 599 863 tamen
632 825 769 863 melior
801 837 984 876 germana
1015 832 1199 879 parente,

179 882 246 934 [Et
278 884 587 934 consanguineas
620 889 663 922 nt
695 885 882 935 sanguine
916 884 1033 922 leniat
1066 884 1246 937 umbras,

177 941 379 993 impietate
410 943 473 994 pia
505 948 592 981 est.
632 953 719 980 nam
750 948 956 993 postquam
988 943 1149 994 pestifer
1182 945 1281 994 ignis

177 999 409 1052 Convaluit,
441 997 575 1051 ‘rogus
606 1001 682 1039 iste
715 1006 864 1039 cremet
895 1012 979 1039 mea
1012 998 1175 1039 viscera’
1209 1002 1326 1039 dixit.

179 1058 305 1110 thue
337 1070 454 1097 manu
487 1058 570 1098 dIra
602 1058 751 1110 lignum
784 1059 895 1098 fatale
930 1058 1108 1111 tenebat,

92 1125 159 1157 480
179 1118 279 1156 Ante
311 1116 577 1169 sepulchrales
609 1117 744 1156 infelix
777 1119 898 1157 astitit
930 1129 1015 1156 aras
1028 1116 1058 1170 ,]

180 1173 432 1215 ‘Poenarum’
465 1187 541 1227 que
575 1172 683 1214 ‘deae
717 1176 891 1227 triplices
910 1207 921 1228 ,
953 1175 1157 1215 furialibus
1175 1174 1202 1229 ‚'
1234 1178 1362 1228 inquit

180 1232 437 1274 ‘Eumenides
451 1266 462 1286 ,
494 1235 616 1273 sacris
648 1234 778 1273 vultus
810 1234 1001 1273 advertite
1034 1240 1206 1274 vestros.

179 1292 355 1332 Ulciscor
388 1294 565 1344 facioque
598 1293 734 1332 nefas.
772 1305 878 1332 mors
910 1298 1036 1332 morte
1068 1293 1208 1344 pianda
1240 1299 1321 1332 est:

177 1351 221 1391 In
253 1351 382 1391 scelus
414 1350 635 1391 addendum
666 1350 795 1390 scelus
826 1356 915 1403 est,
947 1352 986 1389 in
1019 1351 1157 1390 funera
1188 1352 1328 1390 funus:

93 1417 158 1450 485
185 1410 263 1450 Per
294 1416 543 1450 coacervatos
574 1414 711 1462 pereat
741 1409 880 1448 domus
912 1411 1029 1460 impia
1059 1409 1212 1448 luctus.

178 1470 237 1508 An
268 1468 360 1508 felix
392 1467 548 1508 Oeneus
581 1474 671 1507 nato
704 1469 850 1507 victore
883 1468 1061 1520 fruetur,

178 1526 367 1567 Thestius
397 1526 519 1567 orbus
550 1523 666 1566 erit?
697 1526 837 1566 melius
867 1525 1051 1577 lugebitis
1084 1526 1218 1565 ambo.

180 1585 254 1625 Vos
285 1584 400 1625 modo
418 1617 430 1638 ‚
461 1586 625 1624 fraterni
656 1597 789 1624 manes
821 1586 1048 1636 animaeque
1082 1590 1284 1637 recentes,

180 1643 364 1685 Officium
397 1645 539 1683 sentite
572 1655 733 1695 meum,
764 1655 982 1694 magnoque
1014 1649 1167 1694 paratas

93 1711 160 1743 490
181 1703 356 1755 Accipite
389 1703 577 1741 inferias.
611 1700 733 1752 [uteri
764 1701 863 1741 mala
894 1702 1056 1752 pignora
1088 1703 1210 1740 nostri
1225 1701 1253 1751 .]

178 1761 227 1801 Ei
258 1760 382 1800 mihi!
415 1772 492 1812 quo
524 1761 655 1812 rapior
674 1757 696 1798 ¹?
726 1760 868 1799 fratres
899 1761 1089 1810 ignoscite
1123 1758 1259 1798 matri!

180 1820 374 1860 Deficiunt
404 1819 451 1859 ad
471 1824 609 1871 coepta
640 1830 806 1857 manus.
845 1819 1036 1856 meruisse
1069 1818 1237 1856 fatemur

180 1878 323 1931 ll'lum,
353 1889 425 1918 cur
455 1883 620 1930 pereat:
658 1878 796 1916 mortis
828 1876 922 1915 mihi
954 1875 1134 1926 displicet
1165 1882 1322 1914 auctor.

180 1936 285 1989 Ergo
315 1938 463 1989 inpune
495 1937 624 1989 feret,
655 1937 843 1986 vivusque
876 1940 915 1973 et
946 1936 1068 1972 victor
1100 1941 1139 1973 et
1168 1935 1253 1986 ipso

96 2003 160 2035 495
182 1995 378 2035 Successu
410 1995 584 2034 tumidus
615 2006 780 2046 regnum
813 1992 1017 2044 Calydonis
1049 1991 1231 2045 habebit,

182 2053 257 2093 Vos
287 2055 386 2094 cinis
418 2055 582 2106 exiguus
613 2053 840 2105 gelidaeque
872 2051 1049 2090 iacebitis
1081 2048 1276 2090 umbrae?

181 2111 294 2152 Haud
326 2111 509 2164 equidem
539 2113 694 2164 patiar.
732 2116 868 2163 pereat
899 2109 1136 2162 sceleratus,
1167 2115 1208 2148 et
1238 2109 1300 2147 ille

183 2171 380 2223 Spemque
411 2172 533 2222 patris
564 2171 755 2222 regnique
787 2168 914 2208 trahat
943 2169 1170 2220 patriaeque
1203 2169 1376 2206 ruinam.

181 2230 290 2270 Mens
322 2229 390 2269 ubi
420 2235 596 2268 materna
627 2225 728 2268 est?
759 2227 826 2267 ubi
852 2234 944 2267 sunt,
969 2229 1033 2279 pia
1051 2228 1137 2266 iura
1161 2221 1401 2278 parentum?

94 2295 163 2329 500
182 2288 234 2328 Et
262 2300 361 2341 quos
393 2289 566 2328 sustinui
597 2286 658 2327 bis
688 2298 868 2326 mensum
899 2287 1072 2337 quinque
1104 2282 1292 2324 labores?

182 2346 215 2386 Ο
247 2349 396 2387 utinam
428 2348 565 2399 primis
597 2346 761 2385 arsisses
791 2344 947 2397 ignibus
978 2345 1127 2396 infans,

1052 2412 1121 2445 11*
