1538 2496
111 110 197 151 214
317 121 529 145 merom-:uns
661 104 875 141 METAMM
890 133 896 140 .

228 219 497 271 Hippomenen
531 217 634 269 adii,
668 217 891 269 docuique,
924 217 1011 267 quis
1043 227 1138 256 usus
1169 216 1209 255 in
1240 215 1337 255 illis.

230 279 347 330 Signa
379 276 493 317 tubae
526 276 742 328 dederant,
775 287 864 314 cum
896 287 1052 314 carcere
1085 286 1234 326 pronus
1265 280 1431 325 uterque

229 337 406 388 Emicat,
438 341 478 374 et
509 346 699 374 summam
731 333 849 373 celeri
880 333 979 385 pede
1011 333 1106 372 libat
1136 333 1343 373 harenam.

228 395 347 434 Posse
380 400 495 446 putes
527 393 613 433 illos
647 395 750 432 sicco
783 393 883 432 freta
916 392 1053 431 radere
1085 404 1227 445 passu,

141 462 208 493 655
228 453 277 493 Et
309 454 451 503 segetis
484 464 602 492 canae
635 457 782 491 stantes
815 463 1050 503 percurrere
1083 453 1243 490 aristas.

228 511 411 551 Adiciunt
443 512 590 550 animos
623 512 754 550 iuveni
787 510 1010 561 clamorque
1043 510 1252 562 favorque,

227 570 431 621 Verbaque
459 570 658 610 dicentum
685 566 861 622 munuc,
887 581 993 608 nunc
1018 568 1247 608 incumbere
1273 573 1451 620 tempus,

226 628 470 681 Hippomene
490 661 500 681 ‚
532 627 728 681 propera!
761 640 866 668 nunc
897 627 1046 667 viribus
1078 633 1191 667 utere
1222 628 1338 666 totis.

226 687 331 727 Pelle
363 700 512 727 moram
531 720 542 741 ,
574 690 706 727 vinces
728 684 785 727 :'''
818 686 981 726 dubi-um
999 718 1011 739 ‚
1042 686 1262 738 Megareius
1293 685 1410 724 heros

138 755 206 786 660
227 746 428 799 Gaudeat,
460 759 508 786 an
540 748 647 798 virgo
680 747 802 797 magis
833 745 894 785 his
928 744 1144 784 Schoeneia
1175 743 1311 783 dictis.

227 805 258 844 Ο
291 807 502 859 quotiens,
535 817 624 845 cum
656 807 732 844 iam
763 810 897 856 posset
928 805 1126 856 transire,
1158 809 1306 842 morata
1339 807 1420 855 est,

227 863 510 916 spectatosque
544 864 609 903 din
641 864 771 903 vultus
804 864 922 902 invita
954 861 1141 914 reliquit!

225 922 368 962 Aridus
401 936 421 962 e
453 923 554 962 lasso
586 922 767 961 veniebat
798 922 991 961 anhelitus
1018 933 1109 974 ore,

225 981 405 1032 Metaque
440 987 524 1020 erat
554 982 668 1033 longe
689 1013 697 1020 .
736 987 819 1020 tum
853 980 1021 1032 denique
1054 981 1101 1019 de
1134 979 1261 1019 tribus
1293 991 1415 1018 unum

138 1048 205 1080 665
226 1040 387 1079 Fetibus
421 1040 595 1079 arboreis
626 1039 757 1092 proles
789 1039 984 1090 Neptunia
1015 1040 1142 1078 misit.

226 1098 427 1151 Obstipuit
458 1101 565 1150 virgo
586 1131 596 1151 ‚
628 1099 820 1149 nitidique
853 1098 1036 1149 cupidine
1068 1098 1174 1149 pomi

225 1157 402 1197 Declinat
434 1170 603 1210 cursus,
635 1169 854 1208 aurumque
887 1155 1054 1195 volubile
1087 1155 1210 1195 tollit:

224 1215 420 1255 Praeterit
451 1216 745 1268 Hippomenes:
777 1221 965 1254 resonant
996 1214 1217 1266 spectacula
1248 1213 1411 1266 plausu.

225 1274 291 1314 Illa
323 1288 472 1314 moram
505 1275 624 1314 celeri
656 1278 884 1325 cessataque
917 1279 1093 1326 tempora
1125 1285 1245 1313 cursu

136 1341 206 1373 670
227 1333 420 1387 corrigit,
453 1340 569 1384 atque
595 1335 740 1372 iterum
766 1335 948 1372 iuvenem
979 1338 1070 1384 post
1100 1338 1208 1383 terga
1240 1330 1446 1383 relinquit.

224 1392 274 1431 Et
305 1405 444 1431 rursus
476 1394 581 1444 pomi
613 1393 716 1431 iactu
749 1397 944 1431 remorata
977 1391 1163 1443 secundi,

225 1450 490 1502 Consequitur
522 1453 740 1501 transitque
772 1452 899 1489 virum
920 1482 928 1490 .
965 1463 1056 1502 pars
1087 1449 1225 1489 ultima
1256 1461 1397 1489 cursus

224 1509 431 1548 Restabat.
465 1506 633 1548 “‘nunc'
654 1510 782 1560 inquit
802 1505 908 1547 ‘ades
921 1540 932 1561 ‚
959 1508 1028 1548 dea
1049 1509 1225 1548 muneris
1246 1514 1382 1548 auctor
1392 1504 1450 1548 !'''

225 1568 346 1619 Inque
378 1568 479 1608 latus
512 1569 667 1621 campi,
699 1579 776 1619 quo
808 1567 958 1606 tardius
989 1567 1054 1606 illa
1084 1567 1262 1620 rediret,

136 1634 204 1666 675
226 1627 322 1666 iecit
353 1627 400 1665 ab
433 1627 590 1678 obliquo
623 1626 789 1665 nitidum
822 1625 1054 1665 iuvenaliter
1086 1638 1249 1666 aurum.

224 1687 282 1725 An
314 1691 498 1739 peteret,
529 1687 637 1736 virgo
669 1687 750 1724 visa
783 1690 843 1724 est
874 1684 1084 1724 dubitare:
1116 1685 1227 1736 coegi

224 1744 408 1797 Tollere,
439 1750 479 1784 et
510 1744 634 1783 adieci
666 1743 817 1783 sublato
848 1743 1022 1795 pondera
1054 1743 1180 1797 malo,

226 1803 466 1855 Impediique
499 1804 630 1842 oneris
661 1804 809 1854 pariter
843 1804 1273 1854 gravitatemorawe.

224 1862 329 1900 Neve
361 1874 472 1901 meus
506 1874 633 1900 sermo
667 1873 787 1900 cursu
820 1862 870 1900 sit
900 1861 1048 1900 tardior
1079 1863 1189 1913 ipso,

136 1929 204 1960 680
227 1920 444 1959 Praeterita
476 1927 536 1959 est
567 1922 705 1971 virgo:
737 1920 847 1958 duxit
878 1932 947 1958 sna
978 1921 1150 1972 praemia
1181 1921 1327 1960 victor.

225 1979 397 2029 Dignane
417 2011 428 2031 ,
461 1981 525 2018 cui
557 1984 687 2030 grates
719 1984 881 2031 ageret,
914 1980 977 2018 cui
1008 1980 1110 2018 turis
1140 1978 1331 2018 honorem

224 2037 392 2089 Ferret,
424 2037 577 2089 Adoni,
610 2038 666 2076 fui
685 2035 707 2076 ⁴?
740 2049 813 2076 nec
845 2042 974 2088 grates
1005 2038 1198 2076 inmemor
1230 2039 1331 2089 egit,

224 2095 304 2133 Nec
337 2095 431 2134 mihi
463 2102 550 2135 tura
583 2096 717 2135 dedit.
756 2095 926 2135 subitam
958 2102 1166 2135 convertor
1196 2097 1236 2135 in
1269 2098 1389 2135 iram:

225 2153 540 2205 Contemptuque
574 2155 739 2206 dolens,
772 2167 820 2194 ne
854 2157 927 2193 sim
959 2155 1179 2206 spernenda
1211 2155 1377 2206 futuris,

135 2220 203 2252 685
225 2211 411 2263 Exemplo
445 2225 560 2251 caveo
580 2245 590 2264 ‚
621 2225 763 2264 meque
796 2215 879 2265 ipsa
911 2213 1098 2253 exhortor
1129 2215 1170 2252 in
1202 2212 1357 2251 ambos,

224 2270 384 2321 Templa
403 2302 413 2321 ‚
446 2271 561 2310 deum
594 2271 707 2310 Matri
740 2284 837 2322 quae
871 2272 1065 2323 quondam
1099 2271 1228 2311 clarus
1260 2271 1407 2326 Echion

223 2328 385 2368 Fecerat
417 2341 463 2368 ex
495 2336 614 2382 voto,
647 2332 863 2370 nemorosis
896 2330 1024 2370 abdita
1056 2330 1185 2381 silvis,
