1527 2580
586 147 659 192 IX,
686 151 871 183 653-726
886 175 893 182 .
1064 160 1155 183 xruxs
1328 146 1409 189 193

101 266 169 300 690
188 258 238 298 Et
269 258 397 310 regale
431 258 580 298 decus:
613 269 701 297 cum
734 269 809 308 qua
841 257 1001 297 latrator
1033 256 1203 309 Anubis,

190 317 408 368 Sanctaque
441 315 622 355 Bubastis
641 348 652 368 ‚
685 318 892 367 variusque
925 316 1122 356 coloribus
1148 317 1264 369 Apis,

190 376 342 427 Quique
374 377 518 427 premit
549 386 683 414 vocem
717 375 917 426 digitoque
949 375 1102 414 silentia
1133 375 1293 426 suadet3

190 434 391 486 Sistraque
423 440 563 486 erant,
595 445 885 485 numquamque
918 435 1011 473 satis
1043 435 1243 485 quaesitus
1264 433 1410 484 Osiris,

187 493 384 545 Plenaque
417 493 639 532 somniferis
672 504 835 543 serpens
866 494 1073 544 peregrina
1104 494 1287 532 venenis.

101 560 167 591 695
189 552 289 591 Tum
322 551 427 591 velut
458 563 661 591 excussam
694 563 829 589 somno
863 557 902 590 et
933 552 1138 591 manifesta
1168 551 1364 590 videntem

190 610 254 650 Sic
286 611 398 649 assata
430 610 501 649 dea
533 615 621 650 est:
655 607 759 661 ‘pars
792 622 814 648 o
846 609 1057 649 Telethusa
1089 622 1289 663 mearum,

187 668 295 708 Pone
327 681 463 720 graves
496 680 611 708 curas
630 700 641 721 ,
673 668 929 720 mandataque
963 669 1049 707 salle
1083 670 1235 708 mariti.

189 727 270 766 Nec
303 727 458 767 dubites
477 759 488 780 ‚
520 739 610 766 cum
642 733 679 766 te
712 732 826 779 partu
858 726 1005 767 Lucina
1036 727 1196 780 levarit,

188 785 342 825 Tollere
375 786 560 838 quicquid
594 787 695 824 erit.
734 786 805 824 dea
836 798 923 825 sum
956 786 1152 826 auxiliaris
1185 797 1377 838 opemque

105 852 171 885 700
191 843 361 884 Exorata
392 845 505 884 fero.
545 856 618 883 nec
650 850 688 883 te
722 844 889 884 coluisse
923 846 1101 896 quereris

189 903 390 954 Ingratum
421 915 567 942 numen
583 899 607 941 .'
640 904 820 955 monuit,
853 903 1099 955 thalamoque
1131 905 1318 943 recessit.

190 960 308 1001 Laeta
340 968 425 1001 toro
459 963 613 1014 surgit,
645 973 842 1013 purasque
876 962 922 1001 ad
955 962 1083 1001 sidera
1116 962 1278 1014 supplex

190 1019 329 1060 Cressa
359 1032 498 1059 manus
531 1019 700 1072 tollens,
733 1026 815 1060 rata
854 1021 932 1060 sint
969 1033 1039 1060 sua
1071 1022 1174 1073 visa,
1206 1026 1412 1072 precatur.

189 1078 239 1118 Ut
270 1078 381 1118 dolor
412 1080 607 1132 increvit,
639 1090 760 1130 seque
792 1080 922 1130 ipsum
953 1078 1107 1131 pondus
1138 1081 1179 1118 in
1212 1091 1326 1118 auras

103 1144 169 1178 705
190 1136 378 1190 Expulit,
411 1143 450 1177 et
482 1143 572 1176 nata
605 1143 665 1176 est
695 1139 830 1188 ignaro
864 1139 1007 1177 femina
1038 1143 1173 1190 patre,

190 1196 310 1235 Iussit
341 1195 390 1235 ali
421 1208 590 1247 puerum
621 1201 745 1235 mater
776 1198 968 1236 mentita.
1006 1197 1202 1248 fidemque

189 1254 267 1294 Res
298 1253 463 1306 habuit,
495 1266 622 1306 neque
656 1260 739 1293 erat
770 1255 849 1294 ficti
881 1256 986 1307 nisi,
1018 1257 1173 1294 conscia
1191 1287 1203 1308 ‚
1236 1255 1389 1295 nutrix.

189 1312 285 1352 Vota
316 1319 427 1365 pater
459 1313 601 1365 solvit,
633 1325 855 1364 nomenque
886 1315 1039 1365 inponit
1070 1315 1239 1354 avitum:

190 1371 295 1424 Iphis
328 1383 421 1411 avus
454 1372 609 1411 suerat.
648 1373 778 1423 gavisa
810 1377 870 1411 est
901 1374 1057 1411 nomine
1090 1378 1238 1425 mater,

104 1438 170 1470 '110
190 1430 303 1476 Quod
336 1442 541 1470 commune
574 1431 704 1483 foret,
736 1442 785 1469 ne
818 1443 1054 1482 quemquam
1085 1430 1237 1470 falleret
1267 1430 1355 1470 illo.

190 1489 422 1541 Inpercepta
453 1491 516 1541 pia
548 1489 750 1528 mendacia
782 1489 918 1528 fraude
951 1489 1144 1529 latebant.

191 1547 329 1587 Cultus
361 1554 445 1587 erat
475 1549 619 1600 pueri;
647 1548 765 1586 facies
783 1579 794 1600 ,
827 1560 944 1599 quam
976 1549 1056 1588 sive
1088 1547 1268 1601 puellae,

191 1605 280 1646 Sive
312 1606 425 1646 dares
456 1618 611 1658 puero,
643 1606 772 1645 suerat
803 1606 1000 1646 formosus
1033 1612 1224 1658 uterque.

191 1664 351 1704 Tertius
383 1666 534 1704 interea
566 1664 718 1704 decimo
752 1671 999 1705 successerat
1029 1677 1179 1705 annus:

104 1731 170 1763 715
191 1722 289 1762 Cum
320 1729 432 1775 pater
450 1755 461 1775 ‚
493 1722 607 1775 Iphi,
639 1722 710 1762 tibi
741 1723 877 1762 flavam
910 1724 1128 1776 despondet
1158 1722 1348 1776 Ianthen,

190 1781 298 1821 Inter
330 1781 580 1821 Phaestiadas
613 1793 711 1832 quae
744 1781 1010 1821 laudatissima
1041 1783 1188 1821 formae

190 1839 287 1880 Dote
320 1840 394 1879 fuit
424 1842 532 1892 virgo
552 1872 563 1893 ,
594 1839 752 1879 Dictaeo
785 1846 874 1879 nata
904 1840 1083 1880 Teleste.

189 1898 265 1938 Par
296 1904 431 1952 aetas,
462 1911 532 1950 par
565 1898 688 1937 forma
720 1899 794 1938 suit
812 1930 823 1952 ‚
854 1900 1078 1951 primasque
1110 1900 1307 1951 magistris

190 1958 387 2010 Accepere
420 1963 525 1996 artes
544 1989 555 2009 ,
587 1956 779 1996 elementa
811 1960 978 2011 aetatis,
1010 1958 1056 1996 ab
1089 1957 1236 1998 isdem.

103 2023 170 2056 720
189 2015 290 2055 Hinc
321 2027 429 2055 amor
461 2015 662 2055 ambarum
694 2017 822 2067 tetigit
853 2016 950 2055 rude
976 2022 1115 2068 pectus
1132 2047 1144 2069 ,
1176 2022 1215 2056 et
1245 2027 1412 2068 aequum

189 2073 338 2114 Vulnus
370 2076 529 2126 utrique
561 2074 695 2113 dedit.
735 2074 803 2113 sed
837 2081 920 2114 erat
951 2075 1091 2114 fiducia
1123 2075 1278 2127 dispar:

191 2133 424 2184 Coniugium
456 2138 671 2185 pactaeque
704 2139 904 2185 exspectat
936 2139 1111 2186 tempora
1142 2134 1302 2187 taedae,

190 2191 393 2243 Quamque
425 2193 552 2230 virum
582 2197 695 2244 putat
719 2203 806 2231 esse
824 2223 836 2245 ‚
868 2204 982 2232 suum
1009 2193 1092 2232 fore
1113 2193 1239 2232 credit
1258 2192 1413 2244 lanthe3

190 2249 298 2302 lphis
329 2255 459 2303 amat,
491 2261 567 2301 qua
598 2261 713 2302 posse
746 2251 824 2289 frui
855 2250 1066 2304 desperat,
1098 2257 1138 2291 et
1169 2257 1285 2303 auget

104 2315 170 2348 725
190 2308 274 2348 Hoc
305 2311 435 2361 ipsum
466 2308 639 2348 flammas
656 2340 668 2362 ,
700 2308 888 2360 ardetque
920 2311 960 2349 in
992 2311 1141 2362 virgine
1174 2312 1306 2362 virg03

189 2366 338 2419 Vixque
365 2373 503 2407 tenens
530 2367 709 2407 lacrimas
736 2364 839 2419 ‘quis
860 2380 921 2408 me
941 2375 1072 2409 manet
1092 2371 1220 2408 exitus
1231 2366 1258 2422 ,³
1285 2370 1412 2420 inquit

142 2438 257 2467 ovn).
276 2439 327 2467 11.
1084 2438 1126 2469 13
