1527 2580
574 115 646 160 xl,
673 119 857 151 55-126.
1027 128 1132 150 »unas
1300 116 1384 157 219

98 234 143 267 90
165 226 211 265 At
244 225 399 266 Silenus
430 224 568 264 abest.
608 225 841 265 titubantem
875 225 1063 277 annisque
1097 237 1284 276 meroque

163 284 369 324 Ruricolae
401 296 540 336 cepere
574 283 747 335 Phryges
766 316 777 337 ,
809 286 1061 335 vinctumque
1094 286 1249 323 coronis

161 343 217 382 Ad
251 355 384 395 regem
416 342 562 381 duxere
594 342 722 381 Midan
742 374 753 394 ‚
786 344 848 382 cui
881 342 1071 382 Thracius
1104 342 1285 395 Orpheus

163 401 279 453 Orgia
311 401 524 440 tradiderat
556 412 645 441 cum
678 400 867 452 Cecropio
900 400 1113 454 Eumolpo.

162 460 237 506 Qui
269 459 385 499 simul
417 461 572 511 agnovit
603 460 753 499 socium
786 461 1046 511 comitemque
1079 472 1305 513 sacrorum,

97 526 141 558 95
163 518 336 570 Hospitis
368 518 535 558 adventu
567 518 710 557 festum
743 518 946 570 genialiter
978 520 1058 569 egit

161 577 237 616 Per
268 576 329 616 bis
361 578 534 628 quinque
567 576 649 616 dies
683 582 722 616 et
752 578 906 616 iunctas
939 577 1074 616 ordine
1108 583 1266 617 noctes,

161 635 211 674 Et
241 637 317 674 iam
349 635 550 675 stellarum
582 634 749 674 sublime
782 642 963 687 coegerat
995 647 1132 687 agmen

161 693 319 733 Lucifer
349 693 582 733 undecimus
601 725 612 746 ‚
644 693 771 745 Lydos
804 706 894 733 cum
925 693 1050 733 laetus
1082 696 1121 733 in
1154 706 1267 746 agros

161 752 242 792 Rex
274 753 409 807 venit,
441 758 481 792 et
510 753 641 792 iuveni
675 752 850 792 Silenum
883 752 1011 792 reddit
1042 753 1220 792 alumno.

75 819 141 852 100
160 811 261 850 Huic
292 811 389 851 deus
421 811 579 862 optandi
612 816 766 862 gratum
786 843 796 863 ‚
828 811 895 850 sed
928 811 1097 864 inutile,
1130 812 1223 851 fecit

160 870 335 909 Muneris
367 869 601 922 arbitrium,
634 869 808 921 gaudens
841 870 963 909 altore
995 875 1179 922 recepto.

160 928 228 968 llle
246 960 257 981 ,
289 927 387 968 male
419 940 565 967 usurus
598 927 740 981 donis,
773 929 826 968 ait
858 926 984 968 ‘effice
1003 960 1014 981 ,
1046 928 1231 980 quicquid

161 987 334 1039 Corpore
367 989 598 1039 contigero,
630 986 778 1026 fulvum
810 991 986 1026 vertatur
1016 988 1057 1026 in
1090 984 1268 1026 aurum?

161 1046 308 1085 Annuit
339 1047 480 1098 optatis
499 1077 511 1097 ,
543 1046 800 1096 nocituraque
832 1057 996 1085 munera
1028 1045 1142 1085 solvit

74 1111 140 1144 105
161 1103 307 1156 Liber,
339 1109 380 1144 et
409 1103 605 1156 indoluit,
639 1104 742 1155 quod
773 1116 851 1143 non
883 1104 1043 1144 meliora
1074 1105 1261 1156 petisset.

161 1162 304 1202 Laetus
336 1161 416 1201 abit
447 1163 668 1214 gaudetque
700 1162 800 1201 malo
832 1162 1088 1214 Berecyntius
1120 1162 1261 1202 heros:

161 1221 408 1272 Pollicitique
440 1220 555 1259 fldem
588 1221 782 1272 tangendo
815 1221 966 1273 singula
998 1227 1184 1273 temptat.

163 1279 330 1330 [Vixque
363 1278 437 1318 sihi
470 1279 635 1318 credens
656 1311 666 1331 ‚
699 1291 777 1318 non
810 1280 883 1319 alta
916 1279 1054 1319 fronde
1087 1278 1296 1330 virentem]

161 1338 252 1377 llice
285 1337 456 1377 detraxit
486 1340 662 1389 virgam:
694 1340 801 1389 virga
832 1350 950 1377 aurea
981 1338 1081 1378 facta
1114 1344 1196 1377 est.
1269 1346 1297 1371 f.
1320 1346 1369 1372 clx

75 1405 142 1438 110
161 1396 279 1436 Tollit
310 1396 429 1436 humo
461 1409 627 1436 saxum:
659 1408 795 1436 saxum
829 1409 985 1448 quoque
1017 1397 1154 1448 palluit
1185 1408 1303 1436 auro.

163 1454 333 1506 Contigit
364 1461 404 1494 et
434 1455 637 1507 glaebam:
670 1460 852 1494 contactu
884 1455 1025 1507 glaeba
1048 1457 1201 1507 potenti

160 1513 285 1553 Massa
316 1514 387 1553 fit.
426 1519 582 1553 arentes
614 1513 770 1553 Cereris
802 1513 1000 1565 decerpsit
1031 1515 1192 1553 aristas:
1288 1552 1291 1557 ,

162 1574 289 1611 Aurea
320 1574 459 1611 messis
492 1578 603 1611 erat.
643 1572 843 1624 demptum
875 1578 984 1612 tenet
1015 1571 1154 1611 arbore
1186 1584 1369 1623 pomum:

162 1630 397 1682 Hesperidas
430 1631 595 1670 donasse
627 1636 742 1682 putes
763 1661 771 1669 .
810 1632 843 1669 si
874 1630 1054 1682 postibus
1086 1630 1173 1669 altis

77 1696 142 1729 115
163 1689 342 1727 Admovit
374 1689 515 1740 digitos
534 1720 544 1740 ‚
576 1694 709 1740 postes
741 1688 895 1728 radiare
927 1688 1132 1728 videntur.

161 1747 229 1787 ule
261 1748 378 1786 etiam
411 1747 568 1798 liquidis
599 1746 746 1798 palmas
778 1747 846 1786 ubi
877 1747 1023 1786 laverat
1053 1747 1193 1799 undis,

162 1805 274 1845 Unda
305 1805 430 1844 ssuens
462 1805 600 1857 palmis
632 1804 789 1845 Danaen
821 1805 980 1844 eludere
1011 1811 1168 1857 posset.

161 1863 233 1903 Vix
264 1876 354 1916 spes
385 1865 468 1915 ipse
501 1876 591 1903 suas
623 1865 751 1903 animo
784 1866 915 1917 capit,
947 1875 1064 1903 aurea
1096 1864 1246 1915 fingens

163 1922 330 1962 Omnia.
369 1922 554 1973 gaudenti
585 1934 740 1962 mensas
771 1934 941 1974 posuere
972 1923 1142 1961 ministri

77 1989 144 2021 120
162 1980 394 2020 Exstructas
425 1980 590 2032 dapibus
622 1993 695 2020 nec
725 1986 850 2020 tostae
884 1981 1007 2032 frugis
1039 1987 1222 2032 egentes:

163 2039 265 2079 Tum
296 2051 388 2078 vero
408 2071 419 2092 ,
451 2041 530 2078 sive
563 2039 626 2078 ille
659 2051 728 2078 sua
761 2039 935 2078 Cerealia
967 2038 1105 2078 dextra

162 2098 325 2137 Munera
357 2099 602 2150 contigerat,
634 2097 805 2137 Cerealia
837 2098 938 2136 dona
968 2097 1176 2151 rigebant;

165 2156 253 2195 Sive
285 2155 404 2207 dapes
436 2156 546 2195 avido
579 2156 798 2195 convellere
831 2156 949 2196 dente
980 2156 1163 2209 parabat,

164 2213 363 2254 Lammina
395 2214 497 2254 fulva
528 2215 646 2266 dapes
665 2246 676 2267 ,
708 2214 862 2254 admoto
895 2215 1010 2255 dente
1028 2247 1040 2267 ‚
1072 2214 1275 2267 premebat

78 2279 144 2313 125
163 2272 375 2312 Miscuerat
404 2274 515 2325 puris
547 2279 747 2313 auctorem
779 2275 955 2313 muneris
987 2274 1127 2314 undis:

163 2330 293 2371 Fusile
324 2343 396 2384 per
427 2333 550 2371 rictus
583 2343 723 2371 aurum
754 2331 907 2372 fluitare
938 2332 1091 2372 videres
