1527 2580
609 86 675 122 XV
689 115 698 132 ,
726 90 909 122 154—225
924 113 931 121 .
1043 100 1268 122 rxruaoorus
1365 88 1445 129 311

233 197 383 238 Cuncta
412 198 544 238 iacent
574 196 727 249 media,
760 209 927 249 cumque
959 196 1044 236 albo
1078 195 1236 236 Lucifer
1268 198 1347 236 exit

148 264 212 296 190
234 257 370 296 Clarus
395 268 527 308 equo;
559 268 776 307 rursusque
808 255 935 309 alius,
968 267 1058 295 cum
1088 257 1242 307 praevia
1274 255 1372 295 lucis

230 314 479 354 Tradendum
510 314 668 354 Phoebo
701 314 906 353 Pallantias
938 315 1061 353 inficit
1091 314 1248 354 orbem.

231 373 318 426 lpse
350 373 413 413 dei
444 373 592 426 clipeus
625 380 729 412 terra
761 385 850 413 cum
884 372 1031 412 tollitur
1063 374 1138 412 ima

230 431 342 471 Mane
373 431 518 485 rubet,
552 439 764 484 terraque,
796 431 941 485 rubet,
973 443 1063 471 cum
1095 432 1277 471 conditur
1309 434 1407 484 ima;

232 490 428 530 Candidus
459 492 500 530 in
533 502 684 530 summo
717 496 806 543 est,
837 490 975 529 melior
1007 496 1144 529 natura
1177 491 1280 542 quod
1313 491 1391 530 illic

146 556 210 588 195
231 549 412 588 Aetheris
444 555 532 601 est,
564 555 772 600 terraeque
803 549 942 600 procul
974 551 1150 601 contagia
1185 550 1304 601 sugit.

231 607 312 646 Nec
343 619 413 659 par
445 613 511 646 aut
544 607 678 647 eadem
710 613 925 647 nocturnae
958 608 1082 646 forma
1116 608 1258 647 Dianae

231 665 329 705 Esse
355 672 486 718 potest
512 678 696 717 umquam
716 697 724 705 .
763 679 996 718 semperque
1024 666 1212 705 hodierna
1239 674 1451 720 sequente,

234 723 276 763 Si
307 726 480 777 crescit,
511 726 638 764 minor
671 731 759 778 est3
785 727 908 764 maior
927 757 937 777 ,
970 727 1003 764 si
1035 725 1232 764 contrahit
1264 725 1421 765 orbem.

232 782 333 829 Quid
353 780 374 822 P
406 795 484 822 non
516 785 556 822 in
588 785 739 835 species
771 783 984 823 succedere
1017 790 1202 835 quattuor
1234 796 1382 823 annum

144 848 211 880 200
231 843 412 895 Aspicis,
444 843 581 881 aetatis
612 848 864 894 peragentem
896 844 1109 882 imitamina
1142 839 1334 882 nostrae?

234 900 333 940 Nam
366 906 478 940 tener
510 906 550 940 et
579 900 726 940 lactens
757 902 950 952 puerique
982 901 1201 940 simillimus
1233 913 1326 940 aevo

236 957 335 998 Vere
366 971 465 998 novo
498 965 586 998 est:
619 965 712 998 tunc
743 959 864 998 herba
895 971 1035 999 recens
1067 966 1107 998 et
1133 959 1286 998 roboris
1313 971 1451 1012 expers

229 1016 407 1070 Turget,
439 1024 478 1056 et
508 1017 673 1056 insolida
705 1022 792 1070 est,
825 1023 864 1057 et
895 1030 964 1069 spe
996 1018 1165 1057 delectat
1196 1024 1392 1069 agrestes.

233 1074 371 1115 Omnia
403 1081 496 1115 tunc
526 1075 697 1128 florent,
728 1075 950 1127 florumque
981 1076 1178 1115 coloribus
1211 1077 1334 1116 almus

145 1141 210 1173 205
230 1133 348 1173 Ludit
366 1146 458 1186 ager
476 1165 487 1187 ,
513 1146 641 1185 neque
667 1134 793 1173 adhuc
819 1136 943 1173 virtus
969 1136 1008 1173 in
1037 1134 1241 1174 frondibus
1270 1135 1345 1175 ulla
1372 1143 1451 1175 est.

233 1192 392 1232 Transit
421 1194 461 1231 in
493 1198 681 1232 aestatem
711 1198 801 1244 post
832 1205 899 1232 ver
930 1193 1130 1232 robustior
1163 1205 1311 1247 annus,

231 1251 370 1302 Fitque
404 1250 535 1290 valens
567 1252 747 1291 iuvenis:
779 1263 906 1303 neque
940 1253 1044 1290 enim
1075 1251 1276 1291 robustior
1307 1258 1412 1292 aetas

235 1309 317 1348 Ulla
336 1341 348 1362 ,
380 1321 453 1349 nec
480 1309 639 1349 uberior
657 1341 669 1362 ‚
701 1322 774 1349 nec
806 1322 904 1361 quae
926 1311 1047 1361 magis
1079 1310 1236 1363 ardeat,
1261 1310 1338 1351 ulla
1371 1307 1466 1350 est.¹

233 1367 388 1420 Excipit
419 1374 660 1421 autumnus,
691 1370 818 1420 posito
851 1369 1005 1408 fervore
1037 1370 1218 1408 iuventae

144 1434 212 1466 210
233 1426 409 1466 Maturus
442 1428 625 1478 mitisque
643 1458 655 1480 ,
686 1428 789 1466 inter
820 1428 1079 1478 iuvenemque
1112 1439 1325 1479 senemque

233 1485 439 1537 Temperie
471 1485 653 1538 medius;
685 1497 844 1537 sparsus
878 1498 1034 1537 quoque
1068 1491 1242 1538 tempora
1276 1487 1404 1526 canis.

230 1542 324 1583 Inde
356 1543 490 1582 senilis
521 1543 647 1583 hlems
679 1543 846 1583 tremulo
879 1546 986 1583 venit
1016 1544 1174 1584 horrida
1205 1557 1348 1598 passu,

232 1602 309 1640 Aut
340 1602 503 1653 spoliata
535 1614 628 1641 suos
647 1633 659 1654 ,
690 1608 785 1655 aut,
818 1615 916 1653 quos
947 1602 1065 1641 habet
1082 1634 1094 1655 ,
1126 1603 1210 1642 alba
1241 1603 1422 1655 capillos.

232 1659 372 1698 Nostra
404 1672 560 1711 quoque
592 1662 769 1712 ipsorum
801 1673 956 1712 semper
988 1662 1203 1712 requieque
1236 1664 1320 1701 sine
1354 1662 1429 1701 ulla

146 1725 213 1757 215
236 1718 409 1770 Corpora
442 1724 678 1771 vertuntur3
710 1731 782 1758 nec
815 1719 918 1769 quod
951 1719 1144 1758 fuimusve
1177 1732 1382 1774 sumusve,

234 1776 328 1816 Cras
361 1779 536 1816 erimus.
576 1778 649 1816 suit
680 1777 743 1816 illa
776 1777 888 1830 dies,
920 1790 996 1828 qua
1027 1780 1175 1817 semina
1209 1784 1358 1818 tantum

233 1834 409 1887 Spesque
442 1835 642 1874 hominum
673 1837 820 1887 primae
854 1837 989 1875 matris
1021 1836 1279 1876 cubitavimus
1311 1837 1413 1876 alvo.

232 1895 414 1933 Artifices
446 1901 584 1933 natura
616 1905 754 1933 manus
786 1894 984 1946 admovit,
1017 1900 1055 1933 et
1087 1897 1175 1946 angi

234 1951 407 2004 Corpora
439 1952 654 1991 visceribus
686 1952 877 1992 distentae
910 1953 1064 1992 condita
1095 1955 1232 1993 matris

147 2017 214 2049 220
233 2010 396 2062 Noluit,
427 2023 527 2062 eque
559 2011 673 2049 domo
707 2023 846 2050 vacuas
880 2013 1009 2050 emisit
1041 2013 1080 2050 in
1112 2024 1250 2052 auras.

231 2068 370 2107 Editus
401 2070 441 2107 in
473 2069 599 2108 lucem
631 2071 750 2108 iacuit
780 2072 864 2108 sine
898 2069 1044 2109 viribus
1076 2071 1226 2124 infans3

231 2127 318 2165 Mox
352 2127 574 2179 quadrupes
607 2130 765 2179 rituque
798 2128 887 2167 tulit
918 2140 988 2167 sua
1020 2129 1193 2168 membra
1226 2130 1422 2183 serarum5

232 2184 501 2236 Paulatimque
535 2192 706 2225 tremens
739 2192 778 2225 et
809 2187 982 2225 nondum
1013 2188 1159 2239 poplite
1192 2189 1303 2228 firmo

233 2243 445 2296 Constitit,
476 2243 617 2283 adiutis
649 2245 776 2296 aliquo
804 2247 1006 2284 conamine
1039 2248 1191 2299 nervis;

145 2309 210 2340 225
233 2302 326 2340 lude
360 2302 489 2340 valens
522 2302 709 2354 veloxque
742 2304 815 2343 suit
832 2335 843 2356 ‚
875 2306 1121 2357 spatiumque
1154 2307 1333 2345 iuventae
