1538 2496
119 117 204 159 260
379 128 500 152 cmxsss
667 114 881 151 METAMM
896 142 903 150 .

236 227 415 266 Praescia
447 226 602 265 venturi
633 226 810 276 genetrix
842 224 982 264 Nereia
1013 224 1082 264 leti

238 285 462 324 Dissimulat
494 284 601 323 cultu
634 289 796 323 natum.
835 283 1043 335 deceperat
1075 295 1234 336 omnes,

237 344 279 382 ln
312 343 453 394 quibus
485 343 669 395 Aiacem,
702 348 878 393 sumptae
912 342 1061 381 fallacia
1092 344 1233 382 vestis.

151 410 215 442 165
236 404 350 440 Arma
384 413 454 452 ego
487 401 666 440 femineis
699 402 869 440 animum
903 406 1055 440 motura
1088 401 1238 440 virilem

236 459 430 499 Mercibus
463 460 640 499 inserui.
679 471 806 511 neque
839 459 964 498 adhuc
996 460 1216 511 proiecerat
1247 459 1364 498 heros

236 518 438 569 Virgineos
470 518 655 570 habitus,
687 530 776 557 cum
809 530 983 569 parmam
1013 518 1241 569 hastamque
1274 519 1423 557 tenenti
1532 559 1538 570 ,ι

236 574 363 615 “Nate
397 576 468 616 dea
486 574 512 629 ,³
546 577 624 615 dixi
657 574 743 616 ‘tihi
775 589 816 616 se
848 578 1024 628 peritura
1056 582 1259 616 reservant
1530 576 1538 621 l

235 635 451 686 Pergama.
491 635 584 686 quid
616 635 770 674 dubitas
801 637 1001 687 ingentem
1034 641 1210 674 evertere
1235 635 1392 674 Troiam
1405 631 1457 674 ?’'
1534 635 1538 639 ’

151 694 432 745 1701niecique
465 706 624 733 manum
643 726 653 746 ‚
686 694 906 745 sortemque
939 694 984 732 ad
1017 694 1133 733 fortia
1164 695 1275 733 misi.

234 752 338 804 Ergo
372 765 491 804 opera
522 752 626 792 iliius
659 764 744 791 mea
777 758 896 791 sunt.
937 764 1007 803 ego
1040 752 1241 804 Telephon
1272 752 1381 792 hasta

235 811 479 863 Pugnantem
512 811 674 863 domui,
706 812 852 850 victum
885 816 1140 862 orantemque
1173 811 1316 850 refeci.

235 869 348 915 Quod
380 869 536 908 Thebae
569 869 747 908 cecidere
766 901 777 922 ‚
810 881 940 909 meum
973 874 1060 908 est.
1098 881 1160 908 me
1193 869 1341 909 credite
1531 875 1538 912 ,ἱ

1281 927 1458 981 Lesbon,

234 987 293 1026 Me
326 987 513 1026 Tenedon
547 987 800 1039 Chrysenque
838 992 877 1026 et
909 986 1058 1039 Cillan,
1091 986 1278 1038 Apollinis
1316 986 1458 1039 urbes,

150 1053 214 1085 175
234 1045 284 1085 Et
317 1046 482 1097 Scyrum
515 1047 695 1097 cepisse.
735 1058 820 1085 mea
852 1057 1043 1085 concussa
1074 1050 1208 1096 putate

236 1104 499 1144 Procubuisse
533 1104 614 1143 solo
647 1103 833 1156 Lyrnesia
865 1105 1018 1143 moenia
1049 1103 1205 1143 dextra.

235 1163 363 1214 thue
397 1163 491 1202 alios
524 1168 702 1215 taceam,
734 1164 801 1214 qui
833 1174 990 1202 saevum
1021 1161 1188 1213 perdere
1219 1168 1354 1214 posset

236 1221 433 1274 Hectora,
466 1234 606 1272 nempe
639 1221 755 1260 dedi.
795 1233 865 1273 per
891 1233 952 1260 me
978 1222 1079 1260 iacet
1104 1220 1262 1260 inclitus
1289 1220 1456 1260 Hector.

237 1280 315 1319 Illis
347 1280 442 1319 haec
475 1281 622 1332 armis,
654 1279 797 1331 quibus
830 1285 889 1319 est
919 1282 1100 1319 inventus
1131 1279 1323 1333 Achilles,

150 1347 215 1378 180
235 1339 351 1378 Arma
382 1345 502 1390 peto:
534 1340 619 1377 vivo
652 1338 834 1377 dederam
853 1370 864 1390 ,
895 1344 985 1390 post
1015 1338 1091 1377 sata
1123 1347 1310 1389 reposco.

238 1397 285 1437 Ut
318 1397 427 1436 dolor
459 1399 576 1436 unius
609 1397 759 1436 Danaos
790 1398 970 1448 pervenit
1003 1397 1048 1435 ad
1081 1409 1240 1449 omnes,

236 1455 451 1507 Aulidaque
484 1455 698 1494 Euboicam
731 1455 978 1507 complerunt
1009 1455 1112 1494 mille
1145 1456 1322 1508 carinae,

236 1514 447 1566 Expectata
478 1514 574 1566 diu,
606 1514 711 1553 nulla
743 1520 808 1553 aut
840 1515 1034 1553 contraria
1067 1513 1180 1553 classi

235 1573 405 1612 Flamina
439 1578 580 1611 erant:
612 1573 810 1623 duraeque
843 1572 980 1611 iubent
1010 1572 1298 1622 Agamemnona
1331 1578 1457 1612 sortes

151 1639 215 1671 185
237 1632 463 1670 Inmeritam
496 1643 630 1670 saevae
663 1636 792 1670 natam
823 1637 994 1670 mactare
1026 1630 1192 1670 Dianae.

235 1690 409 1741 Denegat
440 1690 514 1728 hoc
547 1691 700 1740 genitor
718 1721 729 1742 ,
761 1689 937 1740 divisque
970 1691 1154 1728 irascitur
1185 1690 1305 1742 ipsis,

236 1750 361 1800 Atque
394 1751 434 1787 in
466 1760 558 1799 rege
592 1754 720 1787 tamen
752 1754 863 1799 pater
895 1753 982 1787 est.
1022 1760 1093 1798 ego
1125 1749 1218 1787 mite
1250 1749 1422 1799 parentis

236 1807 440 1858 Ingenium
471 1806 601 1845 verbis
633 1806 679 1845 ad
711 1806 866 1858 publica
898 1806 1100 1855 commoda
1131 1807 1252 1845 verti.

237 1866 349 1905 Nunc
382 1865 563 1916 equidem
596 1866 720 1904 fateor
739 1897 750 1917 ,
782 1865 964 1916 fassoque
996 1867 1173 1916 ignoscat
1203 1864 1381 1904 Atrides:

153 1933 216 1964 190
237 1924 442 1963 Difficilem
474 1926 583 1963 tenui
616 1923 688 1963 sub
721 1925 855 1974 iniquo
888 1923 1017 1962 iudice
1049 1935 1228 1962 causam.

237 1982 349 2021 Hunc
383 1989 510 2022 tamen
543 1982 688 2022 utilitas
720 1982 854 2034 populi
885 1982 1084 2032 fraterque
1116 1981 1273 2032 datique

239 2040 396 2079 Summa
417 2048 546 2080 movet
565 2043 731 2093 sceptri,
746 2041 899 2080 laudem
918 2046 962 2079 ut
982 2052 1071 2079 cum
1092 2042 1279 2091 sanguine
1298 2047 1457 2091 penset.

237 2099 369 2137 Mittor
401 2106 439 2138 et
470 2100 516 2138 ad
549 2105 743 2152 matrem,
775 2111 872 2150 quae
912 2111 990 2138 non
1020 2098 1239 2152 hortanda,
1271 2097 1339 2138 sed
1371 2105 1456 2138 astu

238 2157 472 2208 Decipienda
505 2158 605 2197 fuit.
645 2170 721 2208 quo
754 2160 787 2196 si
818 2157 1068 2196 Telamonius
1099 2159 1218 2210 isset,

157 2224 220 2254 195
243 2215 346 2254 Orba
378 2217 459 2254 suis
492 2222 624 2255 essent
655 2218 771 2255 etiam
803 2228 908 2255 nunc
939 2216 1057 2255 lintea
1087 2216 1238 2256 venti-s.

239 2274 370 2312 Mittor
403 2279 441 2312 et
471 2273 606 2312 Iliacas
638 2275 762 2314 audax
793 2281 925 2314 orator
958 2274 1003 2313 ad
1035 2286 1169 2327 arces,

240 2331 405 2384 Visaque
437 2338 477 2371 et
508 2333 649 2372 intrata
681 2339 741 2373 est
771 2333 867 2373 altae
900 2333 995 2372 mihi
1027 2335 1135 2372 curia
1166 2330 1329 2373 Troiae:
