1554 2506
146 83 226 124 148
384 93 525 118 raocms
692 80 906 115 METAMM
918 106 927 115 .

260 194 345 240 Quo
379 192 493 232 modo
526 189 746 243 deprendi,
778 189 893 229 modo
926 202 968 230 se
1000 190 1221 232 subducere
1254 191 1301 232 ab
1332 194 1417 245 ipso

261 252 430 291 Vulnere
462 252 543 289 visa
574 251 656 288 sera
688 254 775 288 est.
815 261 887 288 nec
918 249 1040 289 limite
1074 250 1208 290 callida
1239 257 1348 291 recto

260 311 303 350 ln
337 311 583 362 spatiumque
616 308 717 359 fugit
734 339 745 360 ‚
777 307 846 347 sed
878 308 1024 360 decipit
1054 321 1122 347 ora
1154 311 1355 361 sequentis

260 369 310 408 Et
341 369 444 407 redit
474 369 514 406 in
547 378 686 418 gyrum
704 399 716 419 ‚
747 379 796 406 ne
830 368 881 406 sit
912 379 1007 406 suus
1038 368 1209 419 impetus
1240 368 1366 408 hosti.

173 437 239 468 ’185
262 428 291 466 l1
322 429 442 466 minet
473 425 537 465 hic
555 457 566 478 ,
599 426 858 476 sequiturque
889 437 1024 478 parem
1043 457 1054 478 ,
1086 426 1303 478 similisque
1335 428 1483 467 tenenti

259 441 345 584 ἵξῃ
378 490 487 524 tenet
518 489 558 523 et
588 495 707 523 vanos
739 490 898 524 exercet
927 486 968 524 in
1000 487 1090 524 aera
1121 497 1301 525 morsus.

294 544 318 583 d
350 542 467 583 iaculi
498 542 680 582 vertebar
711 555 854 595 opem.
893 543 999 594 quod
1031 543 1192 582 dextera
1223 543 1340 583 librat

260 603 361 642 Dum
393 614 479 642 mea
497 633 508 654 ,
540 602 634 641 dum
665 601 807 653 digitos
838 603 1003 641 amentis
1035 601 1179 641 addere
1208 608 1379 655 tempto,

260 662 425 702 Lumina
457 660 627 700 deflexi:
658 666 915 712 revocataque
947 672 1087 700 rursus
1119 660 1257 700 eodem

174 731 240 762 790
260 719 534 760 Rettulera‘m:
566 719 694 759 medio
714 751 725 772 ‚
757 718 929 759 mirum!
962 719 1039 758 duo
1071 731 1265 758 marmora
1335 728 1364 755 r.
1385 728 1483 754 cxxii.

1174 790 1309 830 campo

261 839 447 891 Aspici03
480 838 617 889 sugere
647 837 723 876 hoc
741 869 752 889 ‚
783 836 879 876 illud
911 836 1053 876 latrare
1084 843 1268 889 putares.

262 897 422 937 Scilicet
453 898 620 936 invictos
652 895 765 935 ambo
798 897 1013 935 certamine
1046 908 1188 936 cursus

261 957 360 996 Esse
392 955 490 995 deus
521 955 673 1008 voluit,
705 956 829 1006 siquis
861 955 958 994 deus
991 955 1101 994 affuit
1130 954 1207 994 illis
1221 951 1246 994 .'

261 1015 486 1067 Hactenus,
512 1019 552 1053 et
570 1016 693 1053 tacuit
712 1045 720 1053 .
754 1011 895 1053 ‘iaculo
917 1013 1021 1065 quod
1042 1015 1192 1053 crimen
1211 1014 1252 1053 in
1271 1015 1356 1065 ipso
1378 1019 1438 1053 est
1451 1011 1486 1053 P’

175 1083 241 1114 795
262 1074 419 1113 Phocus
451 1074 505 1112 ait
523 1104 533 1113 .
571 1072 687 1112 iaculi
719 1073 775 1111 sic
808 1073 971 1111 crimina
1002 1071 1175 1112 reddidit
1204 1071 1293 1111 ille.

322 1130 485 1171 ‘Gaudia
515 1132 755 1183 principium
786 1132 913 1170 nostri
945 1136 1066 1184 sunt,
1096 1130 1228 1170 Phoce
1246 1161 1258 1184 ‚
1290 1130 1459 1171 doloris:

263 1191 330 1231 llla
360 1192 471 1243 prius
504 1191 702 1229 referam.
740 1191 847 1229 iuvat
877 1201 899 1227 o
933 1191 1159 1229 meminisse
1185 1189 1291 1229 beati

263 1250 469 1302 Temporis
488 1280 499 1301 ‚
530 1249 695 1288 Aeacida
713 1280 724 1301 ‚
757 1261 834 1299 quo
859 1250 1008 1300 primos
1040 1250 1115 1288 rite
1146 1260 1218 1300 per
1249 1259 1371 1288 annos

266 1308 440 1359 Coniuge
473 1319 579 1346 eram
612 1307 733 1360 felix,
766 1307 858 1346 felix
890 1312 976 1346 erat
1005 1306 1069 1346 illa
1100 1308 1264 1346 marito.

178 1376 245 1408 800
264 1368 400 1407 Mutua
432 1378 527 1406 cura
559 1366 657 1405 duos
691 1371 730 1405 et
760 1377 869 1404 amor
902 1365 1056 1405 socialis
1087 1365 1278 1406 habebat.

265 1426 346 1465 Nec
377 1425 478 1464 Iovis
509 1425 573 1464 illa
605 1437 692 1463 meo
724 1424 914 1464 thalamos
944 1425 1165 1476 praeferret
1196 1425 1343 1477 amori,

265 1484 375 1537 Nec,
407 1496 469 1523 me
502 1495 601 1535 quae
634 1489 821 1536 caperet,
853 1495 932 1522 non
964 1485 998 1522 si
1029 1482 1160 1522 Venus
1197 1485 1282 1535 ipsa
1312 1484 1490 1536 veniret,

266 1543 349 1582 Ulla
381 1549 492 1581 erat.
531 1542 713 1593 aequales
745 1541 912 1581 urebant
942 1547 1103 1593 pectora
1133 1541 1334 1582 flammae.

268 1602 357 1641 Sole
389 1602 472 1640 fere
504 1601 624 1640 radiis
656 1601 822 1640 feriente
855 1602 1057 1640 cacumina
1087 1602 1225 1652 primis

180 1669 245 1701 805
266 1660 458 1700 Venatum
488 1661 530 1699 in
562 1660 676 1699 silvas
707 1659 938 1699 iuvenaliter
970 1661 1028 1698 ire
1060 1658 1256 1712 solebam;

266 1719 347 1759 Nec
379 1730 534 1758 mecum
566 1718 731 1757 famulos
763 1730 836 1758 nec
869 1730 991 1770 equos
1023 1729 1097 1758 nec
1128 1717 1290 1758 naribus
1322 1729 1432 1757 acres

268 1778 330 1817 Ire
364 1790 481 1817 canes
498 1809 510 1831 ,
542 1789 616 1817 nec
647 1778 725 1816 lina
757 1779 869 1828 sequi
902 1777 1049 1816 nodosa
1081 1777 1280 1818 sinebam:

267 1837 393 1877 Tutus
427 1848 534 1876 eram
564 1836 720 1875 iaculo.
759 1836 827 1875 sed
854 1848 944 1875 cum
976 1837 1111 1875 satiata
1142 1837 1291 1876 ferinae

267 1895 434 1935 Dextera
465 1894 595 1934 caedis
627 1900 741 1948 erat,
772 1894 998 1946 repetebam
1025 1895 1154 1947 frigus
1185 1900 1226 1934 et
1256 1893 1415 1934 umbras

181 1962 248 1992 810
269 1954 317 1992 Et
350 1966 448 2005 quae
481 1954 530 1993 de
561 1953 699 2005 gelidis
732 1953 884 1992 exhalat
914 1952 1078 1992 vallibus
1097 1985 1108 2006 ,
1139 1965 1297 1994 auram.

269 2015 372 2051 Aura
403 2012 611 2063 petebatur
642 2012 769 2051 medio
802 2012 897 2051 mihi
927 2012 1026 2051 lenis
1056 2013 1098 2051 in
1130 2018 1265 2066 aestu,

269 2072 413 2110 Auram
445 2071 726 2123 expectabam3
758 2072 916 2122 requies
949 2076 1033 2110 erat
1063 2070 1128 2110 illa
1157 2070 1304 2111 labor-i.

271 2127 406 2168 “Aura
424 2126 451 2181 ,³
484 2129 673 2169 recordor
711 2131 844 2183 enim,
877 2127 1024 2169 ‘venias
1041 2126 1069 2183 ,'
1102 2135 1260 2169 cantare
1297 2128 1492 2182 solebam,

271 2185 426 2238 ‘Meque
457 2189 596 2241 iuves,
628 2190 830 2240 intresque
864 2189 973 2228 sinus
991 2220 1003 2241 ‚
1034 2190 1283 2242 gratissima,
1312 2194 1492 2240 nostr0s3

184 2254 250 2285 815
272 2246 399 2297 thue
421 2246 516 2285 sacis
535 2278 546 2299 ,
577 2246 752 2286 relevare
771 2247 867 2287 velis
885 2278 897 2300 ,
929 2246 1072 2299 quibus
1092 2248 1245 2287 urimur
1263 2279 1276 2301 ,
1306 2253 1437 2287 aestus
1453 2244 1492 2286 .''

271 2304 449 2344 Forsitan
482 2304 697 2344 addiderim
718 2327 773 2334 ——
793 2307 850 2345 sic
882 2317 944 2345 me
976 2318 1061 2345 mea
1093 2306 1169 2346 fata
1200 2305 1406 2346 trahebant
1438 2327 1490 2333 --
