1518 2501
113 39 168 79 34
334 49 498 72 cALms'ro
660 32 875 68 METAMM
889 59 897 67 .

230 147 309 186 Nec
342 145 539 185 moderata
572 144 664 182 satis
697 155 769 181 nec
801 143 857 181 sic
888 154 909 181 a
940 143 1090 193 virgine
1115 141 1262 180 danda.

232 205 315 251 Qua
347 210 482 243 venata
517 203 617 241 foret
648 201 740 239 silva
760 232 770 252 ,
796 212 956 240 narrare
988 205 1189 252 parantem

230 263 396 315 Impedit
427 261 633 312 amplexu:
666 271 737 298 nec
770 272 811 298 se
844 261 927 298 sine
960 260 1123 298 erimine
1155 258 1306 310 prodit.

232 322 298 360 Illa
332 321 488 372 quidem
521 324 655 357 contra
674 349 685 370 ‚
717 324 906 369 quantum
938 318 1051 357 modo
1080 318 1222 356 femina
1252 317 1449 368 possit—

144 387 211 419 435
231 381 438 431 Aspiceres
470 378 617 416 utinam
636 409 647 429 ,
680 376 890 429 Saturnia,
924 377 1054 415 mitior
1085 374 1216 415 esses!
1237 396 1292 403 —

232 438 297 477 llla
330 437 487 488 quidem
519 441 693 487 pugnat:
726 435 793 474 sed
827 447 924 486 (suae
956 446 1144 486 superare
1174 432 1323 486 puella,

234 497 377 542 Quisve
408 495 538 533 Iovem
568 500 723 546 poterat
752 506 940 545 superum
960 491 981 532 Ρ
1013 495 1111 545 petit
1141 492 1299 532 aethera
1328 492 1454 532 victor

234 555 438 606 luppiter.
475 553 568 592 huic
600 553 688 591 odio
722 565 860 592 nemus
892 558 953 591 est
984 558 1023 591 et
1055 552 1211 590 conscia
1242 549 1359 602 silva3

232 612 343 652 Unde
375 612 516 664 pedem
547 612 725 650 referens
757 623 880 663 paene
914 616 974 649 est
1005 610 1122 649 oblita
1152 609 1378 662 pharetram

146 679 213 711 440
233 671 389 710 Tollere
422 682 511 710 cum
542 670 631 709 telis
663 675 702 708 et
733 682 851 721 quem
883 669 1171 721 suspenderat,
1202 679 1360 707 arcum.

232 729 333 769 Ecce
367 741 437 768 suo
471 731 651 768 comitata
683 727 802 767 choro
829 727 1018 801 Qynna
1049 739 1119 779 per
1151 726 1272 766 altum

231 788 433 827 Maenalon
465 787 690 839 ingrediens
722 792 762 826 et
793 786 909 825 caede
936 785 1106 837 superba
1137 786 1308 825 ferarum

233 847 380 898 Aspicit
411 846 510 885 hano
541 847 741 896 visamque
773 851 884 884 vocat
909 876 917 884 .
962 844 1124 883 clamata
1155 844 1302 894 refugit

232 905 282 944 Et
313 906 442 944 timuit
473 906 599 956 primo
619 936 630 957 ,
662 916 711 943 ne
744 903 918 955 Iuppiter
950 909 1055 942 esset
1085 904 1127 941 in
1157 902 1245 942 illa.

146 972 212 1003 445
234 963 311 1003 Sed
342 969 548 1015 postquam
579 964 727 1015 pariter
759 962 946 1014 nymphas
978 961 1162 1000 incedere
1192 960 1312 1013 vidit,

235 1022 367 1062 Sensit
399 1022 535 1061 abesse
567 1021 675 1061 dolos
694 1052 706 1074 ,
736 1032 1024 1071 numerumque
1044 1021 1210 1059 accessit
1228 1018 1276 1058 ad
1294 1018 1433 1058 harum
1446 1049 1455 1058 .

234 1080 321 1120 Heu
354 1092 470 1132 quam
502 1080 658 1119 difficile
691 1085 752 1118 est
783 1081 932 1118 crimen
964 1090 1043 1117 non
1075 1077 1244 1130 prodere
1275 1076 1408 1117 vultu!

233 1138 304 1178 Vix
336 1138 471 1178 oculos
503 1138 645 1177 attollit
675 1137 795 1176 humo
814 1168 825 1190 ,
856 1149 959 1190 nec,
991 1143 1037 1176 ut
1067 1141 1155 1175 ante
1188 1135 1360 1189 solebat,

235 1198 370 1237 Iuncta
402 1197 496 1237 deae
527 1196 641 1236 lateri
671 1208 745 1235 uec
778 1201 858 1235 toto
893 1202 952 1234 est
978 1197 1130 1247 agmine
1161 1196 1310 1247 prima3

147 1263 215 1296 450
237 1256 313 1295 Sed
346 1255 435 1295 silet
467 1261 506 1294 et
535 1255 630 1294 laesi
662 1254 727 1293 dat
758 1256 867 1306 signa
899 1253 1045 1293 rubore
1077 1253 1264 1305 pudoris.

234 1314 312 1367 Et,
343 1315 419 1353 nisi
451 1313 555 1365 quod
586 1315 694 1364 virgo
728 1319 788 1352 est
805 1345 816 1366 ,
846 1318 1002 1364 poterat
1033 1313 1180 1351 sentire
1210 1310 1331 1350 Diana

235 1373 337 1412 Mille
369 1374 473 1412 notis
507 1372 688 1424 culpam.
727 1371 919 1423 nymphae
952 1372 1122 1410 sensisse
1155 1370 1361 1409 feruntur.

237 1431 342 1471 Orbe
373 1430 633 1482 resurgebant
663 1429 814 1469 lunaria
846 1441 993 1469 cornua
1024 1441 1153 1481 nono,

236 1490 334 1530 Cum
366 1490 436 1529 dea
467 1495 638 1541 venatu,
671 1489 856 1528 fraternis
887 1487 1068 1539 languida
1100 1487 1288 1538 flammis,

149 1557 216 1589 455
237 1548 357 1588 Nacta
389 1560 528 1587 nemus
560 1547 730 1599 gelidum
748 1579 760 1600 ‚
791 1546 838 1586 de
872 1558 949 1598 quo
981 1558 1071 1585 cum
1090 1557 1294 1585 murmure
1325 1544 1458 1585 labens

237 1607 321 1647 lbat
352 1612 392 1647 et
422 1607 574 1646 attritas
605 1605 785 1645 versabat
815 1607 922 1644 rivus
953 1605 1142 1657 harenas,

239 1665 290 1706 Ut
321 1665 406 1704 loca
437 1665 635 1717 laudavit,
667 1675 838 1703 summas
869 1663 968 1716 pede
1000 1665 1165 1715 contigit
1195 1662 1342 1703 undas:

236 1724 306 1764 His
338 1735 494 1776 quoque
526 1723 690 1762 laudatis
723 1720 876 1774 ‘procul
917 1719 991 1761 est'
1032 1723 1087 1762 ait
1118 1719 1280 1761 ‘arbiter
1311 1721 1460 1775 omnis3

236 1783 349 1822 Nuda
380 1782 599 1835 superfusis
631 1783 853 1833 tinguamus
885 1792 1050 1833 corpora
1082 1780 1248 1833 lymphis
1261 1776 1287 1819 .’

153 1850 218 1881 460
240 1841 443 1881 Parrhasis
475 1839 636 1880 erubuit
654 1872 663 1880 .
701 1846 866 1879 cunctae
897 1839 1086 1878 velamina
1116 1844 1291 1891 ponunt:

240 1900 322 1939 Una
354 1911 482 1939 moras
515 1900 694 1951 quaerit.
739 1897 932 1938 dubitanti
962 1879 1097 1936 ves&
1114 1897 1292 1949 adempta
1323 1902 1404 1946 est,

240 1959 323 2004 Qua
355 1959 480 2010 posita
512 1958 617 1997 nudo
647 1958 774 2009 patuit
805 1968 895 1996 cum
927 1968 1092 2008 corpore
1124 1956 1295 1996 crimen.

240 2018 436 2056 Attonitae
469 2016 727 2067 manibusque
758 2021 917 2055 uterum
949 2015 1076 2054 celare
1106 2014 1253 2053 volenti

245 2072 275 2114 ‘1
306 2074 445 2127 procul
474 2074 566 2114 hinc
585 2072 611 2127 ,³
639 2075 736 2114 dixit
767 2071 855 2113 ‘nec
887 2085 1019 2113 sacros
1050 2073 1180 2126 pollue
1213 2068 1355 2112 sontes’

156 2141 220 2173 465
244 2132 435 2186 Cynthia,
468 2132 594 2184 deque
622 2145 692 2172 suo
725 2134 840 2172 iussit
872 2132 1056 2172 secedere
1090 2137 1228 2171 coetu.

301 2190 486 2230 Senserat
517 2191 591 2230 hoc
623 2191 716 2230 olim
746 2192 876 2243 magni
907 2196 1085 2230 matrona
1115 2190 1328 2241 Tonantis,

243 2249 531 2300 Distuleratque
563 2261 699 2300 graves
730 2251 771 2289 in
802 2250 941 2289 idonea
973 2255 1149 2301 tempora
1167 2259 1334 2300 poenas.
