1527 2580
580 122 629 157 IV
647 151 656 167 ,
683 126 889 157 429--503,
1043 137 1202 158 ammaus
1350 124 1400 165 79

184 229 414 283 ‘Perpetuas
446 234 592 284 patitur
625 246 798 285 poenas,
830 233 1058 272 Athamanta
1090 233 1302 284 superbum

183 290 301 341 Regia
335 291 442 329 dives
474 291 618 343 hahet,
652 293 716 341 qui
751 304 810 329 me
844 305 932 330 cum
966 293 1128 341 coniuge
1163 304 1315 343 semper

184 348 338 404 Sprevit
357 346 394 388 P'
427 355 465 388 et
497 351 655 400 exponit
688 362 822 388 causas
855 351 1011 400 odiique
1044 352 1228 401 viaeque,

96 415 162 446 470
183 406 363 458 Quidque
396 408 517 446 velit.
556 408 658 458 quod
692 408 835 460 vellet,
867 415 978 460 erat,
1011 421 1058 447 ne
1092 410 1195 459 regia
1229 408 1361 447 Cadmi

183 466 342 517 Staret,
375 472 414 505 et
445 468 483 504 in
518 467 668 505 facinus
701 467 902 505 traherent
934 467 1161 506 Athamanta
1194 480 1369 506 sorores.

184 525 426 576 Imperium,
458 527 649 576 promissa
669 557 679 577 ,
712 538 848 575 proces
881 525 1086 564 confundit
1117 527 1156 564 in
1188 538 1333 576 unum,

184 583 452 634 Sollicitatque
485 583 576 622 deas
598 614 606 622 .
645 585 700 621 sic
734 584 827 622 haec
862 584 1006 622 lunone
1040 584 1191 636 locuta,

182 641 396 692 Tisiphone
429 654 577 694 canos,
609 648 653 680 ut
685 649 796 694 erat,
829 642 982 681 turbata
1015 643 1174 693 capillos

94 707 162 739 475
183 700 303 739 Movit
333 706 373 739 et
404 700 604 739 obstantes
637 702 773 739 reiecit
805 701 851 738 ab
884 713 952 739 ore
984 701 1187 754 colubras,

181 761 306 809 Atque
339 760 391 797 ita
423 756 516 797 ‘non
545 759 669 809 longis
702 771 799 810 opus
833 765 892 797 est
923 756 1193 812 ambagibus,’
1224 761 1353 811 inquit

183 815 313 856 ‘Facta
346 824 467 869 puta,
500 830 769 868 quaecumque
802 817 943 857 iubes:
975 818 1177 856 inamabile
1211 830 1375 870 regnum

184 876 328 915 Desere
348 908 358 927 ,
390 883 507 927 teque
541 877 645 914 refer
678 876 773 914 caeli
807 876 979 915 melioris
1012 876 1057 914 ad
1090 873 1239 915 auras.'

183 934 298 973 Laeta
331 934 432 973 redit
465 934 560 973 luno
581 966 589 973 .
629 947 743 985 quam
777 935 926 973 caelum
959 936 1105 973 intrare
1137 941 1338 986 parantem

95 1001 162 1032 480
182 993 337 1033 Boratis
371 993 549 1032 lustravit
582 995 690 1044 aquis
723 992 999 1031 Thaumantias
1031 992 1125 1031 Iris.

182 1052 262 1091 Nec
295 1063 402 1090 mora
421 1083 433 1104 ,
465 1051 677 1103 Tisiphone
711 1052 965 1090 madefactam
997 1053 1185 1101 sanguine
1218 1053 1336 1091 sumit

182 1111 397 1162 lnportuna
428 1111 582 1163 facem,
614 1109 813 1160 fluidoque
846 1121 986 1148 cruore
1015 1110 1222 1149 rubentem

185 1169 365 1208 induitur
396 1169 535 1220 pallam
554 1200 565 1221 ,
598 1175 781 1219 tortoque
813 1170 1026 1219 incingitur
1057 1181 1181 1219 angue
1201 1201 1212 1221 ,

182 1227 472 1279 Egrediturque
505 1227 619 1265 domo
640 1259 648 1266 .
686 1226 833 1265 Luctus
867 1228 1074 1265 comitatur
1105 1233 1263 1266 euntem

96 1293 162 1326 485
183 1286 233 1325 Et
264 1286 389 1325 Pavor
421 1292 460 1324 et
491 1285 638 1324 Terror
670 1285 902 1336 trepidoque
935 1285 1087 1323 Insania
1114 1285 1245 1324 vultu.

183 1345 334 1384 Limine
361 1346 619 1383 constiterat.
658 1351 790 1395 postes
823 1345 1031 1382 tremuisse
1059 1344 1241 1382 feruntur

183 1403 334 1456 Aeolii,
360 1403 561 1454 pallorque
595 1403 698 1441 fores
731 1403 864 1441 infecit
895 1403 1096 1455 Avernus,

185 1462 329 1513 Solque
361 1462 490 1500 locum
523 1462 623 1512 sugit
642 1493 650 1500 .
688 1462 874 1499 monstris
907 1462 1093 1499 exterrita
1125 1461 1317 1513 coniunx,

185 1521 365 1559 Territus
397 1527 457 1559 est
488 1520 698 1558 Athamas.
737 1525 919 1569 tectoque
953 1521 1059 1558 exire
1091 1519 1299 1570 parabant:

98 1587 164 1619 490
185 1579 346 1619 Obstitit
377 1578 511 1618 infelix
543 1578 769 1629 aditumque
802 1577 954 1616 obsedit
985 1577 1149 1630 Erinys,

184 1638 368 1689 Nexaque
400 1638 568 1689 vipereis
600 1636 829 1675 distendens
861 1636 1042 1675 bracchia
1074 1636 1187 1675 nodis

185 1697 405 1736 Caesariem
436 1697 637 1735 excussit.
676 1701 802 1734 motae
834 1707 1002 1734 sonuere
1035 1694 1242 1734 colubrae:

185 1755 357 1806 Parsque
389 1756 517 1793 iacent
547 1756 695 1793 umeris
714 1785 725 1806 ,
754 1765 845 1805 pars
877 1755 1025 1792 circum
1057 1759 1216 1804 pectora
1249 1753 1375 1805 lapsae

186 1813 304 1853 Sibila
336 1813 430 1852 dant
460 1814 686 1863 saniemque
718 1818 879 1850 vomunt
910 1811 1118 1862 linguaque
1151 1820 1378 1852 coruscant.

100 1872 279 1912 4951nde
312 1872 411 1911 duos
442 1871 580 1910 mediis
613 1871 809 1922 abrumpit
841 1869 1016 1909 crinibus
1048 1881 1219 1923 angues,

184 1931 454 1981 Pestiferaque
486 1942 602 1968 manu
634 1936 767 1980 raptos
798 1930 974 1967 inmisit.
1013 1933 1051 1966 at
1081 1928 1137 1967 illi

186 1989 379 2041 Inoosque
411 1991 521 2028 sinus
554 1988 907 2038 Athamanteosque
940 1992 1169 2039 pererrant,

185 2047 460 2099 lnspirantque
493 2059 629 2098 graves
661 2048 808 2085 animas
829 2077 837 2085 .
875 2058 949 2084 nec
980 2045 1141 2084 vulnera
1173 2044 1358 2084 membris

187 2106 269 2146 Ulla
302 2107 462 2158 ferunt3
495 2118 605 2144 mens
638 2111 726 2157 est,
760 2116 857 2155 quae
890 2104 996 2142 diros
1029 2105 1170 2143 sentiat
1195 2105 1318 2142 ictus.

100 2174 167 2206 500
187 2165 380 2204 Attulerat
410 2176 544 2203 secum
577 2163 712 2214 liquidi
745 2175 900 2214 quoque
927 2169 1101 2202 monstra
1133 2163 1295 2212 veneni,

189 2224 279 2264 Oris
312 2222 498 2262 Cerberei
529 2234 686 2274 spumas
720 2227 759 2260 et
789 2224 896 2260 virus
928 2220 1150 2273 Echidnae,

187 2282 431 2333 Erroresque
464 2293 579 2333 vagos
612 2292 828 2331 caecaeque
859 2279 999 2319 oblivia
1030 2281 1196 2331 mentis,

187 2341 238 2381 Et
267 2341 396 2380 scelus
428 2346 467 2379 et
498 2340 676 2378 lacrimas
713 2338 940 2391 rabiemque
978 2344 1018 2378 et
1049 2338 1177 2377 caedis
1212 2348 1403 2376 amorem.
