1538 2496
67 141 92 184 3
100 143 119 182 1
127 141 152 182 6
272 152 498 176 ΡΥΤΗΑαοΒΔε
616 137 830 173 ΜΕΤΑΜΜ
843 164 850 173 .

184 251 367 301 Agrestes
400 250 526 288 tineae
559 269 614 276 —·
647 259 711 286 res
744 245 946 286 observata
979 247 1128 286 colonis
1162 268 1212 276 —-

184 308 310 347 Ferali
341 312 493 346 mutant
525 318 612 345 cum
645 305 840 356 papilione
872 306 1058 356 figuram.

95 374 162 407 375
185 366 338 405 Semina
369 365 485 404 limus
517 364 634 403 habet
666 364 808 402 virides
840 366 1065 415 generantia
1096 376 1234 417 ranas,

183 425 232 464 Et
262 429 422 475 generat
453 428 612 462 truncas
643 421 809 473 pedibus
828 454 839 474 ,
870 434 959 462 mox
992 428 1079 474 apta
1111 422 1278 462 natando

184 484 306 521 Crura
338 482 431 534 dat,
463 486 584 532 utque
617 480 752 520 eadem
784 482 864 520 sint
893 481 1019 532 longis
1052 480 1214 520 saltibus
1246 488 1357 533 apta,

180 541 380 579 Posterior
410 546 541 591 partes
574 544 734 590 superat
764 551 948 578 mensura
978 541 1153 591 priores.

182 598 262 638 Nec
295 598 446 638 catulus
465 630 477 651 ‚
508 604 623 649 partu
656 610 773 649 quem
806 597 975 637 reddidit
1007 610 1099 637 ursa
1130 600 1304 651 recenti,

95 665 162 697 380
184 657 260 696 Sed
293 656 391 696 male
423 658 506 695 viva
540 668 629 695 caro
662 662 750 695 est:
781 655 988 695 lambendo
1021 662 1145 696 mater
1176 658 1217 696 in
1249 663 1357 696 artus

181 716 338 768 Fingit,
371 720 410 754 et
440 716 480 754 in
513 715 676 754 formam
695 747 707 768 ,
740 720 923 766 quantam
956 717 1060 766 capit
1084 717 1166 767 ipsa
1185 746 1197 767 ,
1227 715 1399 756 reducit.

180 774 317 813 Nonne
350 773 456 813 vides
490 785 587 824 quos
620 785 709 812 cera
744 774 838 825 tegit
869 773 1080 825 sexangula
1110 774 1215 813 fetus

180 832 460 872 Melliferarum
491 834 651 884 apium,
683 833 766 871 sine
798 831 986 871 membris
1018 844 1183 884 corpora
1215 834 1322 872 nasci

180 890 230 930 Et
261 903 449 942 serosque
481 891 602 942 pedes
634 902 820 941 serasque
853 902 1054 929 assumere
1086 888 1270 942 pennas?

93 956 161 989 385
180 949 341 989 Iunonis
372 949 572 989 volucrem
591 980 602 1002 ,
635 961 732 1000 quae
765 949 887 988 cauda
919 949 1049 988 sidera
1078 955 1229 1002 portat,

180 1008 506 1060 Armigerumque
538 1007 638 1046 Iovis
671 1007 1025 1059 Cythereiadasque
1058 1007 1258 1047 columbas

180 1066 230 1105 Et
261 1079 384 1118 genus
415 1079 528 1106 omne
561 1068 690 1105 avium
721 1067 858 1105 mediis
889 1079 910 1105 e
942 1066 1120 1118 partibus
1152 1067 1238 1120 ovi,

181 1125 230 1164 Ni
261 1127 382 1164 sciret
412 1125 498 1164 fieri
515 1157 526 1178 ,
560 1127 647 1176 quis
679 1126 787 1163 nasci
818 1136 934 1176 posse
964 1122 1163 1176 putaret?

182 1183 282 1222 Sunt
308 1185 403 1236 qui,
430 1196 520 1222 cum
546 1183 677 1222 clauso
703 1185 922 1235 putrefacta
948 1188 1008 1222 est
1033 1185 1146 1234 spina
1171 1182 1409 1235 sepulchro,

92 1250 160 1282 390
180 1242 322 1281 Mutari
354 1242 517 1281 credant
546 1242 735 1281 humanas
767 1253 892 1293 angue
925 1241 1137 1280 medullas.

180 1300 284 1339 Haec
316 1306 446 1340 tamen
478 1313 525 1340 ex
557 1301 641 1339 aliis
672 1302 828 1351 generis
858 1300 1072 1352 primordia
1103 1300 1276 1354 ducunt3

181 1358 263 1398 Una
296 1365 386 1412 est,
418 1371 516 1410 quae
549 1365 706 1410 reparet
737 1371 857 1410 seque
890 1361 974 1411 ipsa
1005 1360 1247 1412 reseminet‚
1279 1358 1382 1398 ales:

180 1418 330 1469 Assyrii
361 1418 552 1469 phoenica
582 1424 750 1457 vocant.
789 1429 867 1456 non
899 1418 1012 1469 fruge
1045 1429 1173 1469 neque
1206 1417 1361 1469 herbis,

182 1476 258 1515 Sed
291 1478 390 1515 turis
422 1476 592 1515 lacrimis
623 1481 664 1515 et
693 1487 787 1515 suco
820 1477 912 1515 vivit
942 1477 1106 1515 amomi.

93 1542 161 1574 395
181 1533 286 1573 Haec
317 1533 386 1574 ubi
418 1536 592 1586 quinque
625 1546 718 1573 suae
751 1534 959 1585 complevit
991 1534 1145 1573 saecula
1176 1535 1299 1587 vitae,

181 1592 291 1632 [licet
321 1593 362 1632 in
394 1594 512 1632 ramis
544 1592 812 1643 tremulaeque
846 1594 1047 1631 cacumine
1079 1592 1228 1644 palmae

180 1650 385 1702 Unguibus
417 1657 457 1690 et
486 1663 587 1703 puro
619 1651 755 1690 nidum
787 1650 861 1690 sibi
892 1652 1087 1690 construit
1118 1662 1209 1690 ore.

182 1710 266 1756 Quo
299 1709 416 1749 simul
447 1721 491 1749 ac
524 1711 646 1748 casias
679 1715 719 1748 et
749 1708 861 1748 nardi
892 1709 991 1748 lenis
1023 1710 1162 1748 aristas

181 1768 409 1820 Quassaque
441 1780 532 1807 cum
563 1768 666 1807 fulva
699 1767 912 1807 substravit
943 1769 1121 1807 cinnama
1153 1780 1308 1820 murra,

95 1835 161 1866 400
182 1827 232 1865 Se
265 1839 384 1878 super
415 1828 580 1879 imponit
610 1827 774 1878 finitque
804 1828 845 1865 in
877 1820 1256 1866 odoribffiaevilm.

181 1885 274 1924 Inde
306 1886 439 1925 ferunt
456 1917 467 1939 ,
498 1885 663 1925 totidem
695 1887 762 1937 qui
793 1886 923 1924 vivere
955 1884 1098 1924 debeat
1129 1897 1275 1937 annos,

182 1943 354 1995 Corpore
386 1944 434 1983 de
465 1945 591 1996 patrio
623 1955 787 1996 parvum
817 1943 1008 1996 phoenica
1039 1945 1211 1982 renasci.
1269 1951 1298 1977 f·
1319 1951 1406 1978 ccxi.

183 2002 280 2041 Cum
312 2002 419 2041 dedit
449 2002 541 2042 huie
572 2008 678 2042 aetas
711 2004 814 2041 vires
832 2034 844 2054 ,
875 2003 1064 2053 onerique
1096 2001 1260 2041 ferendo
1291 2008 1375 2054 est,

181 2060 427 2100 Ponderibus
459 2061 540 2100 nidi
571 2073 700 2100 ramos
732 2061 833 2100 levat
863 2060 1015 2099 arboris
1047 2060 1168 2113 altae,

97 2125 163 2158 405
182 2118 353 2170 Fertque
385 2121 473 2171 pius
506 2132 706 2171 cunasque
734 2131 823 2158 suas
848 2120 1100 2170 patriumque
1127 2117 1405 2171 sepulchrum,

182 2175 336 2228 Perque
368 2176 473 2217 leves
503 2190 618 2218 auras
649 2177 884 2230 Hyperionis
916 2177 1014 2217 urbe
1044 2179 1193 2229 potitus

182 2236 281 2274 Ante
313 2235 417 2274 fores
449 2248 578 2275 sacras
609 2236 844 2288 Hyperionis
877 2236 971 2275 aede
1003 2238 1181 2288 reponit.

185 2292 226 2332 Si
258 2299 390 2332 tamen
422 2300 483 2333 est
513 2295 658 2345 aliquid
690 2297 811 2334 mirae
843 2296 1027 2334 novitatis
1058 2296 1098 2334 in
1129 2295 1241 2347 istiS,
1282 2332 1287 2335 ,

185 2351 388 2390 Alternare
420 2353 524 2391 vices
557 2359 597 2391 et
628 2365 725 2404 quae
757 2353 873 2392 modo
906 2354 1050 2392 femina
1080 2358 1192 2404 tergo
