1538 2496
75 120 160 163 272
320 134 461 157 namon
627 119 840 155 METAMM
855 147 862 155 .

192 231 247 271 Da
265 263 276 283 ‚
308 243 478 283 precor,
503 230 595 270 huic
621 229 788 281 aliquem
809 261 818 281 ,
845 229 984 270 solacia
1011 231 1149 270 mortis
1166 261 1178 282 ,
1203 229 1416 284 honorem,

194 289 352 329 Summe
386 290 502 329 deum
534 294 694 340 rector,
726 293 977 340 maternaque
1011 289 1172 328 vulnera
1203 288 1282 328 leni
1297 285 1321 329 .'

106 349 368 401 6001uppiter
400 353 619 400 annuerat,
651 359 742 386 cum
771 347 990 386 Memnonis
1022 348 1168 387 arduus
1200 347 1276 387 alto

194 407 352 447 Corruit
382 408 472 458 igne
505 418 624 457 rogus
643 437 654 458 ,
686 407 867 457 nigrique
894 406 1089 445 volumina
1121 407 1218 446 sumi

192 466 369 504 Inseeere
403 465 534 516 dlem,
566 463 686 504 veluti
718 476 807 504 cum
840 464 1000 504 flumina
1031 470 1140 504 natas

192 523 383 563 Exhalant
414 523 606 576 nebulas,
638 535 711 562 nec
743 523 799 562 sol
832 523 1050 563 admittitur
1080 524 1206 563 infra.

193 583 285 622 Atra
317 582 443 621 favilla
475 582 604 634 volat,
636 582 926 634 glomerataque
961 594 1104 634 corpus
1134 583 1175 621 in
1207 593 1331 622 unum

106 649 173 681 605
194 641 390 681 Densetur
408 641 664 693 ,faciemque
697 642 828 694 capit,
862 643 1059 692 sumitque
1093 640 1262 681 calorem

193 700 320 752 Atque
353 701 519 739 animam
553 712 598 738 ex
630 701 739 752 igni3
770 699 906 739 levitas
938 712 1007 739 sua
1038 699 1221 751 praebuit
1252 698 1353 739 alas:

191 758 242 798 Et
272 760 398 810 primo
432 758 568 797 similis
599 758 749 797 volucri
767 789 778 811 ‚
810 770 900 797 mox
930 769 1022 797 vera
1053 758 1223 798 volucris
1242 766 1275 793 f·
1295 765 1417 793 clxxix-

192 818 372 857 Insonuit
402 818 572 869 pennis;
603 818 751 868 pariter
783 828 953 856 sonuere
985 828 1142 856 sorores

192 876 454 928 Innumerae,
487 875 629 927 quibus
663 881 723 915 est
753 875 889 914 eadem
920 875 1058 915 natalis
1091 877 1224 928 origo.

105 942 172 974 610
193 935 350 986 Terque
382 947 521 986 rogum
553 934 750 987 lustrant,
783 939 822 973 et
853 946 1051 973 consonus
1083 935 1162 974 exit
1192 936 1233 973 in
1265 945 1379 974 auras

192 993 271 1032 Ter
303 993 490 1044 clangor:
523 999 662 1044 quarto
696 992 890 1032 seducunt
923 998 1049 1032 castra
1080 992 1234 1033 volatu:

193 1052 294 1091 Tum
326 1052 403 1091 duo
436 1051 588 1091 diversa
618 1051 753 1103 populi
785 1051 832 1090 de
863 1057 974 1103 parte
1006 1052 1159 1091 seroces

194 1110 299 1150 Bella
331 1116 503 1163 gerunt,
535 1112 755 1161 rostrisque
789 1116 828 1149 et
859 1110 1021 1149 aduncis
1052 1109 1251 1161 unguibus
1282 1111 1360 1149 iras

192 1169 418 1222 Exercent,
451 1168 609 1220 alasque
641 1169 880 1220 adversaque
911 1175 1073 1220 pectora
1103 1169 1272 1221 lassant3

107 1235 173 1267 615
194 1228 440 1279 Inseriaeque
474 1227 618 1267 cadunt
651 1228 774 1266 cineri
806 1233 969 1278 cognata
1001 1227 1153 1279 sepulto

194 1286 366 1338 Corpora
385 1318 396 1339 ‚
429 1299 550 1338 seque
581 1287 664 1325 viro
698 1286 790 1325 sorti
821 1288 1036 1325 meminere
1069 1291 1241 1326 creatas.

192 1345 450 1397 Praepetibus
482 1344 622 1384 subitis
653 1357 796 1384 nomen
829 1345 921 1384 facit
953 1349 1119 1385 auctor.
1157 1344 1204 1384 ab
1236 1343 1301 1383 illo

192 1403 462 1443 Memnonides
494 1404 619 1443 dictae
638 1435 649 1456 ‚
682 1416 771 1442 cum
803 1403 861 1443 sol
893 1403 1072 1443 duodena
1102 1404 1256 1455 peregit

195 1461 312 1514 Signa
331 1494 342 1515 ,
373 1462 566 1514 parentali
597 1463 811 1501 moriturae
842 1461 930 1501 luce
962 1462 1175 1502 rebellant.

108 1529 174 1561 620
193 1519 297 1572 Ergo
330 1520 414 1560 aliis
445 1521 606 1560 latrasse
639 1520 867 1572 Dymantida
897 1520 1025 1559 flebile
1057 1523 1206 1573 visum3

193 1578 384 1618 Luctibus
417 1585 477 1619 est
507 1579 658 1618 Aurora
692 1580 773 1618 suis
805 1580 984 1631 intenta,
1015 1581 1178 1630 piasque

193 1638 307 1677 Nunc
339 1650 496 1689 quoque
529 1637 595 1676 dat
624 1637 803 1675 lacrimas
837 1643 875 1676 et
906 1642 987 1676 toto
1019 1643 1128 1676 rorat
1157 1638 1198 1676 in
1229 1636 1347 1677 orbe.

253 1696 339 1735 Non
370 1703 502 1735 tamen
535 1707 711 1735 eversam
743 1695 883 1734 Troiae
915 1707 1005 1734 cum
1037 1695 1243 1735 moenibus
1274 1708 1360 1736 esse

196 1755 314 1807 Spem
347 1767 504 1806 quoque
537 1755 614 1794 fata
646 1756 807 1793 sinunt.
847 1766 956 1793 sacra
989 1759 1056 1808 et,
1088 1766 1197 1794 sacra
1229 1754 1372 1808 altera,

991 1819 1087 1850 Ὗ
1268 1818 1418 1865 patrem

108 1881 174 1912 625
195 1873 289 1912 Fert
319 1874 468 1913 umeris
486 1904 497 1925 ‚
529 1871 749 1912 venerabile
783 1884 882 1911 onus
901 1903 912 1924 ,
945 1871 1175 1923 Cythereius
1206 1871 1348 1911 heros.

195 1931 250 1970 De
283 1933 400 1971 tantis
433 1931 573 1983 opibus
604 1930 787 1982 praedam
819 1932 908 1982 pius
941 1930 1050 1981 eligit
1079 1930 1184 1969 illam

195 1991 484 2041 Ascaniumque
522 2002 638 2029 suum
657 2021 667 2041 ,
698 1989 943 2041 profugaque
980 2000 1051 2040 per
1089 2000 1259 2040 aequora
1296 1988 1417 2029 classe

196 2048 338 2087 Fertur
369 2048 416 2087 ab
448 2048 677 2100 Antandro,
710 2047 976 2098 scelerataque
1009 2047 1141 2086 limina
1172 2047 1366 2088 Thracum

196 2106 245 2146 Et
276 2106 492 2158 Polydoreo
525 2112 748 2146 manantem
780 2107 968 2157 sanguine
1001 2111 1147 2145 terram

108 2173 177 2205 630
197 2165 385 2217 Linquit,
418 2171 457 2204 et
487 2165 649 2204 utilibus
681 2166 808 2204 ventis
840 2170 1029 2216 aestuque
1061 2164 1234 2204 secundo

196 2224 319 2263 Intrat
349 2223 590 2274 Apollineam
622 2225 739 2263 sociis
770 2223 1049 2263 comitantibus
1081 2223 1242 2263 urbem.
1532 2267 1538 2274 Δ

202 2282 316 2322 Hunc
347 2282 499 2334 Anius,
532 2294 608 2333 quo
640 2294 734 2334 rege
759 2282 879 2331 fides,
913 2284 1087 2322 antistite
1119 2282 1300 2333 Phoebus
1530 2275 1538 2327 ξ

196 2341 284 2380 Rite
318 2339 518 2380 colebatur
536 2371 548 2395 ‚
579 2341 804 2393 temploque
837 2340 1032 2392 domoque
1062 2341 1236 2394 recepit3
