1538 2496
123 126 204 167 194
388 137 481 160 1rms
668 120 882 156 METAMM
896 146 904 155 .

237 232 413 286 ‘Cognita
446 245 560 286 quam
592 231 717 284 nulli,
750 242 866 282 quam
898 229 1119 282 prodigiosa
1151 243 1350 283 novaeque

148 301 214 334 728
236 293 338 333 Cura
371 298 478 332 tenet
508 291 671 329 Veneris
690 287 712 329 ⁴?
744 291 777 328 si
808 289 847 328 di
879 289 975 328 mihi
1005 301 1169 341 parcere
1202 290 1368 343 vellent,

148 361 214 392 730
235 351 417 391 Naturale
449 350 594 389 malum
626 348 765 388 saltem
797 353 837 387 et
868 348 915 387 de
947 360 1055 387 more
1087 347 1310 388 dedissent.

234 410 314 450 Nec
345 421 500 448 vaccam
531 419 668 447 vaccae
687 439 698 460 ,
730 419 803 446 nec
835 419 955 458 equas
987 419 1095 446 amor
1133 408 1214 447 urit
1244 419 1456 459 equarum:

235 468 322 508 Urit
352 480 442 507 oves
475 468 576 506 aries
594 498 606 519 ,
637 467 817 517 sequitur
849 478 919 505 sua
950 466 1094 505 femina
1125 477 1308 506 cervum.

236 527 300 566 Sic
333 532 372 566 et
402 538 491 565 aves
523 530 696 577 coeunt,
728 526 910 576 interque
943 524 1121 564 animalia
1146 531 1289 565 cuncta

234 586 392 625 Femina
424 586 593 623 femineo
626 589 806 635 correpta
840 583 1022 635 cupidine
1054 583 1159 622 nulla
1191 589 1269 623 est.

147 652 212 685 735
234 644 379 683 Vellem
411 643 516 682 nulla
547 643 701 682 forem.
739 654 788 682 ne
821 654 899 681 non
932 648 1061 681 tamen
1093 644 1222 682 omnia
1254 641 1369 681 Crete

232 703 406 742 Monstra
437 703 537 741 ferat
554 733 566 755 ‚
598 707 756 741 taurum
788 701 924 740 dilexit
955 701 1033 740 filia
1068 700 1192 741 Solis:

231 761 391 800 Femina
422 772 563 812 nempe
595 772 771 800 marem.
810 772 923 799 meus
955 765 1015 798 est
1046 759 1232 798 furiosior
1262 758 1352 811 illo,

233 820 273 859 Si
306 832 442 859 verum
473 820 706 871 profitemur
723 850 735 872 ,
767 830 903 857 amor.
942 824 1072 857 tamen
1103 817 1168 857 illa
1200 822 1335 857 secuta
1368 822 1428 856 est

233 878 350 930 Spem
382 878 574 930 Veneris3
607 883 736 917 tamen
767 877 831 916 illa
863 876 961 916 dolis
993 882 1033 916 et
1063 878 1230 928 imagine
1261 887 1399 915 vaccae

145 945 211 977 740
231 937 349 976 Passa
380 937 520 976 bovem
552 941 640 990 est,
673 941 712 975 et
744 942 855 989 erat,
901 937 970 987 qui
1001 935 1251 987 deciperetur
1283 934 1456 975 adulter.

230 996 316 1035 Huc
349 996 441 1036 licet
472 1008 519 1035 ex
551 1000 633 1034 toto
666 994 839 1034 sollertia
871 993 1043 1033 confluat
1074 993 1194 1048 orbe,

231 1055 319 1106 Ipse
352 1055 444 1094 licet
474 1054 623 1093 revolet
655 1054 797 1093 ceratis
829 1052 1020 1092 Daedalus
1054 1052 1147 1106 alis,

233 1113 334 1159 Quid
367 1114 483 1152 saciet
502 1111 523 1152 ?
554 1124 649 1152 num
681 1124 742 1151 me
773 1123 943 1163 puerum
975 1111 1023 1151 de
1054 1112 1205 1162 virgine
1237 1111 1364 1151 doctis

231 1171 393 1210 Artibus
426 1171 570 1211 efficiet
589 1169 611 1210 ⁴?
642 1183 738 1210 num
769 1175 808 1209 te
839 1169 1035 1222 mutabit,
1067 1167 1238 1209 Ianthe?

145 1237 211 1270 745
233 1230 336 1276 Quin
369 1232 542 1269 animum
574 1230 733 1283 firmas,
768 1234 886 1280 teque
918 1230 1002 1280 ipsa
1033 1227 1230 1280 recolligis
1248 1260 1259 1282 ‚
1290 1228 1399 1281 Iphi,

232 1289 472 1340 Consiliique
504 1290 642 1340 inopes
674 1293 714 1327 et
745 1287 886 1327 stultos
919 1288 1071 1326 excutis
1101 1284 1248 1338 ignes?

233 1348 333 1393 Quid
366 1349 419 1386 sis
452 1353 539 1386 nata
558 1379 569 1400 ,
601 1346 717 1399 vide,
749 1347 825 1386 nisi
862 1351 900 1385 te
941 1358 1098 1397 quoque
1131 1346 1280 1398 decipis
1311 1347 1458 1399 ipsam,

231 1406 280 1445 Et
310 1412 401 1457 pete
434 1406 538 1457 quod
571 1406 628 1444 fas
661 1411 749 1458 est,
781 1410 821 1444 et
851 1416 936 1444 ama
969 1405 1074 1456 quod
1106 1405 1250 1444 femina
1282 1404 1427 1444 debes,

233 1464 330 1516 Spes
352 1470 412 1504 est
429 1497 439 1517 ,
467 1477 565 1515 quae
586 1465 713 1515 capiat
729 1495 741 1516 ,
766 1475 857 1515 spes
877 1469 937 1503 est
954 1494 965 1517 ,
992 1475 1091 1515 quae
1110 1469 1246 1516 pascat
1264 1475 1436 1504 amorem
1449 1494 1457 1502 .

144 1532 212 1564 750
232 1523 340 1562 Hanc
372 1523 442 1562 tibi
474 1535 538 1562 res
571 1522 732 1561 adimit.
770 1533 850 1561 non
882 1527 920 1561 te
947 1522 1125 1562 custodia
1156 1534 1247 1562 caro

232 1584 349 1621 Arcet
381 1582 428 1620 ab
461 1581 640 1633 amplexu
659 1612 670 1634 ,
702 1592 775 1620 nec
808 1581 912 1620 cauti
944 1592 1038 1620 cura
1070 1582 1224 1634 mariti,

232 1641 317 1679 Non
349 1641 472 1692 patris
505 1641 725 1692 asperitas,
757 1651 836 1678 non
868 1651 910 1678 se
942 1644 1058 1691 negat
1088 1641 1173 1691 ipsa
1203 1641 1383 1693 roganti,

231 1699 312 1738 Nec
344 1705 475 1738 tamen
508 1704 568 1737 est
597 1698 786 1750 potiunda
817 1696 917 1737 tibi:
943 1710 1016 1737 nec
1034 1729 1045 1751 ,
1076 1703 1123 1738 ut
1152 1700 1282 1738 omnia
1312 1699 1429 1752 fiant,

232 1758 328 1797 Esse
360 1763 474 1810 potes
506 1757 628 1809 felixg
662 1762 704 1796 ut
735 1757 852 1808 dique
884 1756 1144 1809 hominesque
1175 1756 1375 1797 laborent.

147 1824 212 1855 755
234 1817 346 1855 Nunc
378 1828 534 1867 quoque
567 1821 748 1855 votorum
779 1814 885 1854 nulla
917 1820 977 1854 est
1006 1827 1098 1867 pars
1129 1827 1226 1855 vana
1257 1827 1458 1868 meorum,

236 1875 359 1926 Dique
392 1875 487 1913 mihi
519 1874 683 1927 faciles,
716 1873 903 1925 quicquid
934 1873 1091 1913 valuere
1110 1905 1122 1927 ,
1154 1874 1371 1927 dederunt;

235 1933 425 1985 Quodque
459 1945 529 1985 ego
548 1964 561 1987 ,
591 1932 673 1972 vult
704 1934 858 1983 genitor
876 1963 890 1986 ,
921 1932 1002 1972 vult
1032 1934 1117 1984 ipsa
1134 1963 1147 1985 ,
1177 1944 1370 1984 socerque

1277 1992 1457 2031 futurus.

236 2051 284 2090 At
314 2063 392 2090 non
423 2052 506 2091 vult
536 2056 675 2091 natura
693 2082 705 2104 ,
735 2051 935 2103 potentior
966 2049 1148 2090 omnibus
1179 2051 1290 2104 istis,

238 2109 344 2155 Quae
378 2110 471 2148 milii
504 2110 584 2149 sola
616 2115 760 2149 nocet.
798 2111 905 2149 venit
942 2120 1034 2149 ecce
1072 2108 1242 2161 optabile
1280 2114 1458 2161 tempus,

150 2175 217 2208 760
238 2167 399 2218 Luxque
431 2169 569 2219 iugalis
602 2169 740 2221 adest,
772 2174 812 2207 et
842 2169 918 2207 iam
950 2180 1036 2207 mea
1067 2168 1135 2207 fiet
1164 2167 1300 2207 Ianthe

237 2226 318 2265 Nec
350 2226 444 2265 mihi
477 2229 705 2278 continget:
736 2227 877 2266 mediis
909 2228 1088 2266 sitiemus
1119 2228 1161 2266 in
1192 2227 1332 2266 undis.

238 2284 418 2323 Pronuba
442 2285 533 2335 quid
554 2285 649 2324 luno
668 2317 680 2338 ‚
706 2286 799 2337 quid
825 2285 872 2324 ad
892 2285 988 2325 haec
1007 2317 1018 2339 ‚
1042 2284 1264 2338 Hymenaee
1282 2316 1294 2338 ,
1318 2285 1457 2324 venitis
1491 2315 1493 2318 Α

240 2343 357 2383 Sacra
375 2375 386 2397 ‚
413 2343 556 2395 quibus
577 2345 643 2395 qui
664 2343 780 2383 ducat
799 2344 909 2384 abest
926 2376 938 2398 ,
969 2344 1038 2384 ubi
1069 2343 1254 2384 nubimus
1274 2342 1407 2383 ambae
1421 2340 1457 2382 ‘P'
