1538 2496
56 121 140 163 236
272 132 470 155 HAchoues
603 115 816 152 METAMM
832 143 839 150 .

175 231 301 281 [Quae
334 230 427 269 dum
458 233 538 268 tota
568 227 665 266 locis
696 226 964 264 reminiscitur
997 230 1110 277 acta,
1142 223 1384 276 fretumque]

87 296 152 329 715
173 290 396 340 Prospicit:
428 289 467 326 in
499 285 674 337 liquida,
707 285 830 336 spatio
863 284 1030 323 distante
1051 315 1062 336 ‚
1094 288 1228 323 tuetur
1314 283 1319 287 ”

173 349 313 387 Nescio
334 346 426 397 quid
448 346 559 396 quasi
580 355 748 396 corpus,
774 355 895 394 aqua.
927 344 1158 395 primoque,
1184 341 1278 393 quid
1303 340 1398 381 illud

173 407 311 458 Esset,
343 409 426 443 erat
452 402 640 442 dubium.
678 407 885 454 postquam
912 401 1071 453 paulum
1097 401 1247 453 appulit
1271 399 1398 452 unda,

172 465 250 517 Et,
283 464 458 514 quamvis
491 462 652 513 aberat,
686 472 828 512 corpus
862 465 992 499 tamen
1025 471 1110 499 esse
1143 458 1340 512 liquebat,

174 524 246 569 Qui
275 523 400 574 foret,
426 522 634 573 ignorans,
661 521 750 571 quia
777 520 1013 571 naufragus,
1039 519 1168 558 omine
1189 523 1293 557 mota
1320 524 1399 570 est,

87 592 152 623 720
172 582 250 633 Et,
276 586 474 631 tamquam
500 581 632 630 ignoto
659 578 857 618 lacrimam
884 577 1024 630 daret,
1051 574 1172 616 ‘heul
1198 578 1318 616 miser
1331 573 1357 628 ‚'

1272 637 1400 686 inquit

174 697 376 749 ‘Quisquis
397 709 459 750 es,
479 702 519 736 et
538 697 648 748 siqua
670 701 730 735 est
749 697 920 735 coniunx
940 691 1046 734 tibi?
1067 694 1252 734 fluctibus
1270 699 1399 734 actum

173 758 235 797 Fit
264 758 428 809 propius
461 767 633 807 corpus.
674 754 777 806 quod
810 766 886 805 quo
919 755 1041 805 magis
1073 753 1137 792 illa
1168 758 1327 806 tuetur,

172 816 255 855 Hoc
293 817 423 855 minus
461 819 501 853 et
538 815 668 853 minus
701 818 761 852 est
798 813 969 851 mentis.
1013 813 1090 851 iam
1126 813 1282 863 iamque

1156 871 1398 922 propinquae

172 933 382 972 Admotum
413 937 542 971 terrae
562 963 573 985 ,
604 933 681 970 iam
713 930 816 982 quod
851 941 1089 981 cognoscere
1120 934 1277 982 posset,

85 999 152 1033 725
175 992 338 1031 Cernit:
370 996 455 1030 erat
486 992 685 1030 coniunx.
725 987 803 1028 ‘ille
836 994 896 1028 est
915 985 940 1027 !'
974 988 1192 1041 exclamat,
1224 993 1263 1027 et
1293 999 1370 1027 una

174 1051 252 1090 Ora
284 1062 414 1089 comas
446 1055 594 1089 vestem
625 1049 799 1101 lacerat,
832 1047 1077 1099 tendensque
1108 1052 1323 1086 trementes

172 1109 229 1149 Ad
263 1109 386 1160 Ceyca
417 1121 556 1147 manus
589 1105 660 1147 ‘sic
679 1139 690 1160 ‚
722 1120 744 1146 o
778 1108 977 1146 carissime
1010 1107 1205 1158 coniunx,

174 1169 238 1207 Sic
270 1167 317 1206 ad
349 1179 411 1206 me
430 1199 442 1220 ‚
473 1166 693 1205 miserande
713 1197 724 1218 ‚
756 1165 861 1204 redis
881 1162 916 1204 ?'
950 1166 1030 1204 ait.
1070 1164 1220 1203 adiacet
1250 1163 1366 1203 undis

172 1227 290 1266 Facta
321 1238 438 1265 manu
470 1225 621 1277 moles,
654 1236 753 1276 quae
785 1225 931 1276 primas
964 1225 1146 1275 aequoris
1178 1225 1256 1262 iras

86 1295 153 1327 730
172 1286 334 1336 Frangit
364 1290 404 1324 et
434 1286 619 1323 incursus
651 1295 750 1334 quae
782 1282 1047 1334 praedelassat
1077 1294 1288 1333 aquarum.

172 1344 298 1383 Insilit
316 1343 423 1383 huc.
455 1344 677 1394 mirumque
699 1343 774 1381 fuit
791 1338 1003 1393 potuisse?
1033 1340 1208 1390 volabat,
1234 1348 1394 1376 f.clxviii.

172 1403 485 1454 Percut,iensque
517 1401 642 1440 levem
673 1400 788 1440 modo
821 1402 922 1439 natis
954 1403 1044 1440 aera
1074 1401 1240 1452 pennis,

175 1460 400 1512 Stringebat
431 1472 603 1500 summas
635 1459 714 1498 ales
746 1458 980 1498 miserabilis
1011 1458 1159 1511 undas,

173 1520 352 1570 Dumque
384 1518 515 1570 volat,
553 1523 701 1557 maes-to
734 1517 900 1557 similem
930 1517 1170 1568 plenumque
1204 1517 1398 1569 querellae

86 1586 152 1619 735
174 1578 252 1618 Ora
284 1577 426 1617 dedere
459 1589 600 1617 sonum
631 1577 742 1616 tenui
773 1577 1004 1627 crepitantia
1035 1581 1187 1615 rostro.

173 1637 225 1676 Ut
254 1648 346 1676 vero
379 1637 507 1687 tetigit
538 1641 691 1674 mutum
724 1640 763 1674 et
794 1636 878 1673 sine
910 1636 1099 1686 sanguine
1132 1646 1299 1687 corpus,

173 1695 344 1735 Dilectos
376 1700 486 1734 artus
518 1694 693 1746 amplexa
723 1693 951 1733 recentibus
983 1693 1077 1745 alis,

174 1753 329 1805 Frigida
360 1755 600 1804 nequiquam
632 1753 730 1791 duro
763 1752 870 1791 dedit
901 1751 1033 1791 oscula
1064 1757 1217 1791 rostro.

176 1813 353 1852 Senserit
383 1812 458 1851 hoc
491 1812 623 1864 Ceyx,
655 1823 703 1850 an
736 1810 886 1850 vultum
917 1810 1096 1849 motibus
1120 1809 1247 1849 undae

89 1879 155 1911 740
175 1871 330 1911 Tollere
362 1872 413 1910 sit
443 1872 549 1910 visus
568 1902 579 1923 ,
610 1869 778 1921 populus
811 1869 1040 1908 dubitabat.
1079 1874 1117 1907 at
1147 1868 1211 1908 ille

177 1930 390 1968 Senserat.
430 1935 468 1968 et
500 1928 655 1968 tandem
674 1960 685 1981 ‚
717 1929 872 1980 superis
903 1926 1213 1980 miserantibus,
1245 1926 1358 1967 ambo

175 1988 274 2026 Alite
307 1993 537 2027 mutantur.
576 1988 664 2026 fatis
697 1986 888 2026 obnoxius
919 1986 1051 2025 isdem⁴
1250 1995 1279 2022 ε.
1299 1994 1396 2021 clxix.

176 2046 287 2084 Tunc
321 2038 650 2097 quoquebmansit
682 2058 818 2099 amor,
850 2057 923 2084 nec
955 2044 1172 2096 coniugiale
1205 2044 1375 2084 solutum

176 2103 329 2143 Foedus
361 2106 401 2143 in
434 2104 619 2144 alitibus.
659 2109 831 2156 coeunt,
863 2104 1039 2155 fiuntque
1071 2109 1278 2155 parentes:

90 2171 155 2203 745
176 2163 330 2213 Perque
364 2162 447 2200 dies
479 2163 651 2214 placidos
682 2162 848 2201 hiberno
881 2168 1058 2214 tempore
1091 2167 1242 2213 septem

177 2220 341 2260 incubat
371 2220 540 2271 Alcyone
572 2221 834 2272 pendentibus
867 2233 1037 2272 aequore
1070 2220 1195 2260 nidis.

176 2280 289 2318 Tunc
320 2281 421 2317 iacet
452 2279 556 2318 unda
588 2282 734 2318 maris.
772 2285 910 2319 ventos
943 2278 1116 2319 custodit
1146 2284 1187 2319 et
1217 2285 1324 2323 arcet

177 2337 319 2377 Aeolus
352 2349 543 2390 egressu,
575 2343 825 2390 praestatque
858 2338 1067 2390 nepotibus
1098 2349 1269 2390 aequor.

1494 0 1538 219 l

1515 274 1529 290 Ἰ

1519 282 1538 370 ὲ

1522 570 1538 710 ἓ
