1554 2506
113 93 193 134 146
358 104 498 127 rnocms
660 87 875 123 METAMM
888 112 899 123 .

228 202 340 249 Quod
372 207 504 241 teneat
535 200 662 251 lucis,
695 203 826 237 teneat
858 198 1025 237 confinia
1060 198 1208 249 noctis,

227 262 427 302 Nectareis
461 259 563 309 quod
597 257 721 296 alatur
750 257 860 307 aquis
881 278 935 284 —-—
958 268 1028 308 ego
1057 256 1222 294 Procrin
1255 255 1452 296 amabam:

227 321 390 360 Pectore
422 318 579 356 Procris
612 321 723 368 erat,
756 315 912 354 Procris
945 315 1040 353 mihi
1072 326 1227 366 semper
1258 316 1298 353 in
1330 327 1420 353 ore.

229 379 346 417 Sacra
381 378 456 416 tori
488 377 693 426 coitusque
726 386 846 413 novos
880 373 1149 424 thalamosque
1183 379 1361 413 recentes

142 446 208 477 710
229 438 436 486 Pr'maque
470 434 616 473 deserti
649 432 868 472 referebam
902 432 1059 471 foedera
1091 432 1204 472 lecti.

228 497 262 535 M
294 502 329 534 ta
362 494 432 532 dea
465 499 551 545 est,
584 498 623 531 et
656 489 780 531 “siste
816 499 929 544 tuas,
961 493 1143 544 ingrate,
1176 490 1392 542 querellas:

229 555 391 593 Procrin
423 552 520 590 habe
542 548 566 591 l'
599 551 695 590 dixit
727 547 882 601 ‘quodsi
914 562 999 589 mea
1031 550 1192 601 provida
1225 561 1335 588 mens
1369 555 1452 599 est,

231 613 313 651 Non
347 611 530 650 habuisse
563 606 701 648 voles''
734 621 875 660 meque
907 609 961 648 illi
995 610 1091 647 irata
1124 609 1304 648 remisit.

231 672 330 710 Dum
363 670 481 709 redeo
500 701 511 723 ‚
543 680 777 720 mecumque
809 667 903 706 deae
936 673 1149 706 memorata
1182 672 1376 718 retracto,

142 740 205 770 715
228 730 324 769 Esse
356 734 484 768 metus
517 729 676 780 coepit,
708 739 756 765 ne
790 727 875 765 iura
906 726 1047 777 iugalia
1081 727 1252 764 coniunx

227 789 312 828 Non
346 788 444 826 bene
478 791 672 825 servasset
692 816 700 825 .
739 785 857 823 facies
890 791 1073 836 aetasque
1105 783 1265 823 iubebat

229 848 399 887 Credere
433 845 697 897 adulterium3
729 843 990 896 prohibebant
1022 843 1185 882 credere
1218 854 1370 882 mores.

230 906 306 946 Sed
339 912 468 945 tamen
488 905 662 943 afueram
682 916 692 943 τ
725 903 793 942 sed
814 909 853 942 et
872 902 967 941 haec
988 907 1072 941 erat
1089 933 1100 954 ,
1132 901 1235 940 unde
1256 901 1455 953 redibam,

229 965 413 1004 Criminis
445 962 696 1014 exemplum:
729 962 797 1001 sed
830 968 970 1001 cuncta
1002 962 1185 1000 timemus
1217 966 1413 999 amantes.

142 1033 207 1064 720
230 1025 427 1070 Quaerere
446 1055 457 1074 ‚
490 1022 594 1073 quod
633 1021 812 1073 doleam,
846 1026 1003 1073 statuo,
1042 1020 1234 1070 donisque
1273 1019 1455 1071 pudicam

231 1083 448 1121 Sollicitare
482 1080 626 1119 fidem.
666 1080 767 1119 favet
798 1079 890 1117 huic
921 1080 1073 1117 Aurora
1105 1080 1260 1130 timori,

230 1142 478 1191 Inmutatque
511 1150 636 1177 meam
669 1159 724 1166 —
758 1137 891 1176 videor
925 1139 1094 1176 sensisse
1127 1157 1182 1164 —
1215 1137 1401 1188 figuram.

228 1200 417 1240 Palladias
449 1200 537 1237 ineo
570 1209 649 1236 non
683 1195 979 1248 cognoscendus
1011 1195 1205 1248 Athenas,

232 1258 512 1310 [ngrediorque
548 1256 734 1294 domum.
775 1254 887 1306 culpa
919 1254 1057 1293 domus
1088 1255 1172 1306 ipsa
1204 1253 1384 1306 carebat,

143 1327 207 1358 ⁷25
230 1318 421 1368 Castaque
454 1318 563 1367 signa
594 1314 737 1366 dabat,
770 1314 1006 1364 dominoque
1045 1318 1130 1351 erat
1170 1314 1280 1351 anxia
1320 1319 1455 1364 rapto.

231 1376 298 1416 Vix
331 1376 437 1414 aditu
468 1386 539 1426 per
570 1373 674 1413 mille
708 1373 816 1411 dolos
849 1373 895 1411 ad
927 1371 1166 1410 Erechthida
1198 1371 1299 1411 racto

230 1435 280 1475 Ut
311 1435 418 1487 vidi,
443 1433 644 1485 obstipui,
676 1431 938 1482 meditataque
969 1442 1093 1482 paene
1125 1430 1268 1481 reliqui

230 1494 527 1545 Temptamenta
558 1491 662 1530 fide.
701 1490 798 1529 male
831 1501 922 1542 me,
955 1490 1050 1540 quin
1084 1500 1173 1527 vera
1204 1489 1373 1541 faterer,

232 1553 443 1604 Continui;
475 1550 573 1589 male
592 1582 604 1603 ‚
637 1551 731 1600 quin
750 1581 761 1602 ‚
792 1554 836 1587 ut
868 1549 1070 1600 oportuit,
1103 1547 1235 1586 oscula
1268 1548 1436 1586 ferrem.

145 1621 211 1652 730
232 1612 372 1650 Tristis
404 1615 517 1649 erat:
550 1608 617 1648 sed
649 1607 754 1647 nulla
786 1614 916 1647 tamen
949 1607 1158 1645 formosior
1188 1605 1251 1645 illa

232 1670 328 1709 Esse
359 1674 491 1721 potest
521 1669 654 1719 tristi3
686 1666 960 1717 desiderioque
993 1664 1143 1704 calebat

233 1729 420 1780 Coniugis
452 1727 632 1778 abrepti.
671 1731 714 1765 tu
747 1725 914 1777 collige,
948 1724 1072 1776 qualis
1103 1725 1144 1762 in
1175 1723 1239 1763 illa
1256 1755 1268 1777 ‚

233 1788 390 1839 Phoce,
422 1786 541 1825 decor
573 1786 720 1836 fuerit,
754 1796 870 1836 quam
908 1785 964 1822 sic
1005 1782 1115 1821 dolor
1152 1784 1237 1833 ipse
1269 1781 1455 1822 decebat.

234 1846 335 1893 Quid
367 1846 565 1897 referam,
598 1844 781 1895 quotiens
814 1843 1065 1894 temptamina
1098 1848 1232 1880 nostra
1264 1841 1396 1892 pudici

147 1914 213 1945 735
234 1904 493 1956 Reppulerint
524 1915 654 1942 mores
673 1899 695 1941 *Ρ
727 1903 908 1953 quotiens
942 1897 1236 1951 “egfflxe1·it
1269 1897 1352 1938 ‘uni

237 1965 408 2015 Servor3
440 1963 679 2012 ubicumque
713 1967 801 2013 est,
833 1961 901 1999 uni
933 1971 1018 1998 mea
1049 1958 1187 2010 gaudia
1219 1955 1399 1997 servo”?

236 2022 307 2062 Cui
339 2034 417 2060 non
448 2023 522 2061 ista
554 2020 630 2059 fide
663 2021 757 2059 satis
790 2019 1032 2070 experientia
1064 2029 1158 2056 sano

235 2081 371 2131 Magna
402 2080 504 2119 foret
523 2077 544 2118 ?
575 2091 654 2118 non
686 2090 774 2117 sum
806 2084 1014 2116 contentus
1033 2109 1044 2129 ‚
1077 2083 1116 2115 et
1147 2077 1187 2115 in
1220 2087 1306 2115 mea
1325 2088 1456 2127 pugno

236 2139 405 2178 Vulnera
424 2170 435 2191 ‚
467 2139 560 2177 dum
592 2149 735 2176 census
767 2136 859 2175 dare
891 2148 953 2175 me
991 2147 1062 2187 pro
1102 2140 1215 2174 nocte
1256 2136 1457 2186 paciscor,

151 2207 217 2239 740
237 2198 478 2248 Muneraque
511 2197 686 2247 augendo
720 2195 876 2235 tandem
909 2194 1088 2234 dubitare
1121 2195 1254 2244 coegi.

235 2257 420 2296 Exclamo
454 2253 583 2295 “male
615 2257 715 2294 victa
746 2266 814 2293 rea
846 2253 933 2293 est!
967 2266 1037 2304 ego
1071 2258 1200 2292 tectus
1232 2251 1383 2291 adulter

237 2315 362 2356 Verus
394 2326 500 2354 eram
533 2315 730 2354 coniunx.
769 2325 860 2366 me,
892 2312 1068 2365 perfida,
1100 2317 1200 2351 teste
1235 2312 1381 2350 teneris
1396 2307 1436 2350 !''
