1527 2580
545 117 593 151 lv
611 144 622 160 ,
647 120 833 152 282-854
848 144 856 152 .
1007 130 1171 152 nemeis
1317 117 1369 158 75

154 227 205 266 Et
236 228 347 267 finxit
378 226 556 279 vultum,
589 234 628 266 et
659 229 803 266 meruit
834 227 1002 265 formosa
1033 226 1178 266 videri.

71 295 139 326 820
159 286 271 325 Tunc
302 287 358 324 sic
389 297 478 324 orsa
509 284 645 335 loqui,
677 283 807 336 “puer
838 298 860 323 o
892 286 1116 336 dignissime
1149 284 1254 324 credi

154 344 251 383 Esse
284 344 410 395 deus,
443 356 512 382 seu
545 351 587 382 tu
621 344 718 382 deus
750 356 821 395 es,
854 351 964 395 potes
996 356 1083 382 esse
1110 343 1282 394 Cupido:

153 402 242 442 Sive
275 415 318 441 es
349 402 553 454 mortalis,
585 404 652 453 qui
685 408 721 440 te
753 415 924 453 genuere
943 434 954 454 ‚
986 402 1111 454 beati,

150 460 201 500 Et
231 461 352 500 frater
383 461 472 499 felix
492 492 503 512 ‚
535 466 574 499 et
604 461 799 499 fortunata
833 462 1007 511 profecto

153 519 272 570 Siqua
304 519 375 558 tibi
407 531 520 558 soror
551 525 640 570 est,
671 526 711 557 et
742 532 840 569 quae
874 519 979 558 dedit
1011 519 1131 558 ubera
1150 550 1161 571 ,
1193 520 1346 557 nutrix.

63 586 131 618 825
153 577 230 616 Sed
263 577 376 628 longe
409 579 561 616 cunctis
593 577 784 628 longeque
818 577 967 615 beatior
999 577 1084 629 illa,

153 636 273 687 SIqua
305 635 375 675 tibi
408 648 549 687 sponsa
582 642 671 687 est,
703 637 853 686 siquam
886 635 1095 686 dignabere
1129 635 1261 674 taeda.

152 694 257 733 Haec
288 693 361 733 tibi
391 696 472 733 sive
504 694 630 745 aliqua
664 701 752 746 est,
786 706 870 732 mea
910 696 960 732 sit
998 695 1137 733 furtiva
1170 693 1372 745 voluptas:

153 752 231 792 Seu
257 752 362 791 nulla
394 759 483 803 est,
514 765 586 803 ego
619 755 691 791 sim
710 784 720 804 ,
752 753 1040 803 thalamumque
1073 755 1249 791 ineamus

1151 810 1318 849 eundem
1333 806 1372 847 .''

152 870 244 908 Nais
276 869 323 908 ab
355 870 415 909 his
447 872 596 909 tacuit.
637 872 750 920 pueri
782 870 904 908 rubor
937 882 1003 908 ora
1036 871 1205 908 notavit:

64 937 133 968 330
152 927 288 967 Nescit
318 930 423 967 enim
441 959 453 980 ,
485 928 577 979 quid
611 940 719 966 amor
739 959 747 967 .
786 928 854 967 sed
887 935 926 966 et
958 927 1163 966 erubuisse
1189 926 1372 965 decebat.

154 986 225 1025 Hic
256 986 364 1025 color
395 988 525 1038 aprica
557 986 819 1037 pendentibus
851 986 990 1025 arbore
1022 987 1170 1037 pomis,

152 1049 230 1084 Aut
259 1045 370 1084 ebori
402 1047 523 1084 tincto
556 1052 645 1096 est,
677 1052 743 1084 aut
775 1044 847 1084 sub
881 1045 1049 1083 candore
1082 1044 1264 1095 rubenti,

154 1103 252 1142 Cum
283 1105 431 1142 frustra
463 1110 649 1142 resonant
681 1115 770 1142 aera
802 1104 1000 1142 auxiliaria
1019 1135 1029 1155 ‚
1061 1102 1199 1141 lunae,

152 1161 337 1201 Poscenti
368 1162 559 1213 nymphae
592 1164 675 1200 sine
708 1163 784 1200 fine
817 1164 965 1201 sororia
998 1161 1134 1200 saltem

68 1228 137 1260 335
159 1220 332 1273 Oscula,
363 1222 517 1271 iamque
550 1232 688 1258 manus
719 1220 765 1258 ad
799 1220 970 1258 eburnea
1003 1220 1099 1258 colla
1125 1220 1266 1257 serenti

155 1276 339 1318 “Desinis
359 1276 381 1317 Ρ
411 1285 479 1318 aut
509 1280 615 1329 fugio
633 1310 645 1330 ‚
677 1276 901 1330 tecumque'
935 1280 986 1317 ait
1019 1276 1108 1316 ‘ista
1140 1277 1318 1328 relinquo
1336 1274 1374 1315 .’'

156 1336 342 1376 Salmacis
362 1339 571 1389 extimuit,
605 1334 734 1376 “loea'
768 1350 843 1388 que
877 1335 986 1375 ‘haec
1007 1336 1077 1375 tibi
1098 1335 1220 1374 libera
1240 1335 1350 1374 trado
1366 1367 1376 1386 ‚

153 1392 338 1447 Hospes'’
370 1398 423 1434 ait
454 1396 687 1447 simulatque
720 1396 842 1447 gradu
876 1395 1078 1434 discedere
1110 1406 1247 1446 verso,

156 1454 259 1494 Tum
285 1466 441 1506 quoque
474 1456 690 1506 respiciens
709 1486 720 1507 ‚
753 1456 1019 1505 fruticumque
1052 1452 1253 1492 recondita
1284 1451 1375 1491 silva

67 1521 135 1552 340
155 1512 347 1565 Delituit,
377 1514 560 1564 flexuque
592 1525 694 1564 genu
727 1515 950 1552 summisit.
989 1518 1028 1551 at
1061 1512 1149 1563 ille,

157 1571 317 1611 Scilicet
347 1578 393 1611 ut
424 1573 555 1610 vacuis
588 1579 628 1611 et
658 1571 930 1610 inobservatus
962 1572 1001 1610 in
1034 1570 1190 1621 herbis,

154 1630 242 1670 Huc
272 1631 304 1669 it
334 1636 374 1669 et
404 1630 496 1669 hinc
526 1630 619 1669 illuc
637 1662 649 1683 ,
681 1638 720 1669 et
750 1633 791 1668 in
823 1629 1084 1668 alludentibus
1116 1628 1231 1667 undis

158 1688 316 1728 Summa
348 1689 493 1740 pedum
525 1688 680 1740 taloque
714 1696 828 1728 tenus
861 1690 1020 1739 vestigia
1053 1689 1218 1737 tinguit.

156 1746 236 1797 Nec
268 1759 377 1786 mora
395 1779 406 1799 ,
437 1749 627 1798 temperie
659 1747 889 1786 blandarum
920 1754 1057 1797 captus
1088 1756 1278 1796 aquarum

68 1813 136 1844 345
157 1805 284 1844 Mollia
315 1806 362 1845 de
395 1813 532 1845 tenero
565 1806 752 1844 velamina
784 1817 949 1857 corpore
982 1806 1114 1855 ponit.

157 1864 259 1903 Tum
283 1876 375 1903 vero
407 1866 587 1917 stupuit,
619 1865 825 1915 nudaeque
858 1863 1040 1914 cupidine
1073 1863 1219 1900 formae

158 1922 344 1962 Salmacis
375 1925 548 1962 exarsit.
586 1923 750 1974 flagrant
787 1934 944 1973 quoque
981 1921 1127 1960 lumina
1165 1919 1378 1971 nymphae,

156 1980 244 2020 Non
275 1981 388 2020 aliter
419 1993 535 2033 quam
567 1993 656 2020 cum
688 1994 788 2033 puro
820 1980 1076 2019 nitidissimus
1109 1978 1203 2017 orbe

158 2039 346 2091 Opposita
377 2039 527 2091 speculi
558 2041 746 2079 referitur
776 2041 943 2089 imagine
973 2037 1180 2077 Phoebus.

69 2104 138 2137 350
158 2097 307 2149 Vixque
339 2110 487 2137 moram
519 2101 695 2151 patitur,
726 2100 788 2136 vix
820 2100 895 2136 iam
927 2109 997 2136 sua
1028 2097 1166 2148 gaudia
1197 2095 1350 2148 differt,

159 2156 239 2195 lam
271 2158 380 2208 cupit
411 2156 622 2209 amplecti,
652 2158 728 2195 iam
760 2168 802 2195 se
834 2156 931 2194 male
964 2157 1139 2194 continet
1170 2166 1326 2192 amens.

158 2214 256 2267 Ille,
287 2217 392 2254 cavis
424 2215 534 2254 velox
566 2215 750 2266 applauso
781 2226 947 2266 corpore
978 2214 1116 2266 palmis

157 2273 296 2313 Desilit
325 2275 367 2313 in
397 2273 562 2326 latices,
594 2274 822 2325 alternaque
853 2273 1035 2312 bracchia
1066 2272 1215 2311 ducens

158 2330 204 2371 ln
233 2331 393 2384 liquidis
424 2332 640 2371 translucet
671 2334 811 2385 aquis,
841 2338 887 2371 ut
917 2330 1090 2370 eburnea
1121 2330 1244 2382 siquis
