1518 2501
115 71 267 108 XXXIV

116 185 282 221 stemma
313 181 421 219 varie
454 179 646 227 traditur,
679 177 747 215 sed
778 177 941 216 Astraei
972 177 1069 214 adeo
1101 177 1143 215 et
1172 177 1353 214 Aurorae
1382 188 1452 225 pa·

114 242 246 280 rentes
287 240 467 288 Titanes,
511 237 596 275 Iovi
638 236 747 274 locus
784 246 997 285 nusquam,
1040 246 1129 284 nec,
1173 234 1207 273 si
1243 234 1367 284 esset,
1409 235 1450 272 id

114 313 150 338 v.
172 300 253 337 286
293 295 558 347 praetermitti
594 294 748 343 debuit3
788 294 919 333 omitti
956 294 1062 332 certe
1093 292 1267 331 Luciferi
1302 293 1450 332 mentio

114 371 150 396 v.
178 359 259 396 319
304 356 412 393 nullo
456 353 569 392 modo
612 353 755 402 potuit.
816 365 888 401 nec
922 353 1145 400 proyeniior
1186 362 1346 389 necesse
1389 352 1451 390 est

113 416 271 465 longius
304 415 425 452 distet
455 425 480 451 a
509 411 701 462 genitore,
733 423 851 460 quam
881 423 1052 460 proavus
1085 410 1134 448 ab
1162 421 1236 449 avo
1263 409 1334 447 aut
1360 422 1450 459 pro—

112 486 233 523 nepos
267 486 289 510 a
319 472 473 521 nepote.
534 471 735 519 postremo
778 480 904 508 comae
942 470 983 507 et
1020 480 1169 508 comare
1200 468 1248 505 de
1287 467 1450 518 ignibus

113 533 304 580 usurpata
335 531 428 568 sunt
458 541 482 567 a
513 528 682 578 Catullo,
714 528 872 578 Seneca,
905 528 1011 577 Silio,
1043 528 1128 576 ipso
1157 526 1309 576 Ovidio,
1340 527 1450 576 puto,

113 599 177 629 xv
199 592 298 638 7493
347 601 438 625 nam
482 599 581 637 quae
620 588 702 625 849
750 588 858 636 sunt,
903 586 951 624 de
995 598 1159 624 ascensu
1203 584 1448 636 accipienda3

111 649 260 687 Iulium
290 648 413 696 siclus,
446 646 548 695 quod
579 647 620 683 in
650 646 779 684 numis
812 646 890 694 est,
922 657 1000 683 non
1033 646 1094 683 est
1124 646 1307 683 cometes.

113 704 197 746 366
228 713 460 751 Mucisouss
492 711 804 742 PALthrmssth
837 711 958 741 EXIT.
1008 704 1105 741 haec
1145 704 1208 741 est
1237 703 1451 752 praecipua

113 765 358 813 corruptelae
390 764 431 801 in
461 763 522 800 his
553 762 734 801 versibus
767 761 892 811 sedes,
925 773 1044 811 quam
1069 761 1244 799 codicum
1269 761 1345 798 ME
1377 773 1451 810 ope

113 823 304 873 expedivi.
347 822 589 870 palustribus
627 821 660 858 E
702 823 742 859 et
779 821 881 858 alter
917 820 1156 858 Heinsianus
1201 819 1276 858 soli
1319 831 1451 858 serva-

113 884 223 920 runt:
263 880 462 918 antecedit
491 880 533 917 in
572 879 841 928 interpolatis,
879 879 1000 916 etiam
1030 879 1084 928 E,
1115 879 1308 928 siluisque,
1339 877 1382 915 in
1411 878 1452 915 M

113 941 325 989 niueisque,
357 938 461 987 quod
492 938 644 987 inepte,
674 937 758 976 fere
788 938 835 975 ut
864 945 932 975 vll
955 938 1056 986 190,
1096 936 1164 975 sed
1196 936 1280 974 sine
1309 936 1452 974 fraude

113 1011 184 1048 pro
227 997 417 1036 vocabulo
465 997 593 1034 minus
636 997 731 1034 noto
777 996 968 1044 scriptum
1010 996 1083 1034 est.
1144 994 1311 1044 pluralis
1354 993 1451 1033 adeo

113 1057 260 1095 nostris
292 1055 425 1094 lexicis
457 1055 700 1104 incognitus,
742 1055 853 1092 extat
883 1055 1017 1092 autem
1048 1054 1168 1092 etiam
1200 1053 1306 1102 apud
1336 1052 1452 1091 Sene-

114 1127 199 1152 cam
229 1114 323 1152 Nat.
355 1127 418 1162 qu.
451 1121 503 1150 111
526 1114 606 1150 162
640 1114 741 1150 muci
771 1113 988 1160 salivaeque
1018 1115 1052 1150 et
1082 1112 1275 1150 lacrimae.
1332 1111 1451 1162 lupus

113 1173 239 1222 igitur
275 1172 342 1210 ille
385 1171 510 1209 mucis
548 1172 589 1209 et
626 1172 776 1220 spumis
815 1171 963 1209 oblitus
1001 1170 1182 1219 emergit.
1233 1171 1453 1219 sequuntur

114 1232 214 1269 duae
257 1230 492 1279 locutiones,
531 1241 698 1278 quarum
735 1229 820 1266 bini
856 1228 1023 1267 ablativi
1065 1229 1252 1276 sanquine
1281 1230 1452 1275 flamma.

114 1289 198 1327 bini
234 1288 449 1327 accusativi
491 1289 609 1326 rictus
652 1288 800 1326 lumina
837 1287 1140 1336 dignoscuntur:
1184 1283 1451 1337 participium,

116 1347 220 1397 quod
252 1347 474 1396 posteriora
505 1346 728 1396 coniungit,
759 1347 946 1395 suffusus,
984 1357 1056 1384 nec
1085 1346 1128 1383 in
1157 1345 1357 1395 prioribus
1388 1345 1453 1384 de-

114 1406 253 1454 fuerit3
295 1406 397 1443 latet
426 1405 467 1442 in
498 1405 696 1453 scriptura
726 1404 766 1442 M
803 1407 838 1443 et
873 1416 1050 1452 sparsus,
1089 1416 1207 1454 quae,
1244 1406 1292 1443 ut
1327 1405 1452 1455 potui,

116 1464 286 1513 Vergilii
318 1463 493 1511 exemplo
525 1463 622 1501 Aen.
655 1471 707 1500 111
730 1464 810 1501 625
845 1463 1042 1501 coniunxi:
1081 1463 1216 1512 itaque
1259 1463 1453 1513 sanguine

114 1523 236 1560 rictus
268 1534 486 1571 exspersos,
519 1522 649 1559 oculos
681 1522 774 1570 igne
807 1521 975 1560 suffusos
1001 1522 1119 1569 lupus
1145 1521 1332 1560 habuisse
1358 1522 1452 1560 dici-

116 1584 192 1618 tur.
241 1581 461 1629 fulmineos,
504 1580 541 1617 h.
568 1592 599 1617 e.
639 1580 705 1628 qui
740 1580 886 1627 fulmen
922 1580 964 1617 in
1000 1579 1184 1618 dentibus
1223 1580 1389 1631 habent,
1421 1589 1453 1619 X

118 1639 220 1688 550,
264 1638 416 1687 aliquot
453 1637 608 1675 Heinsii
649 1638 741 1675 libri
779 1639 884 1676 dant.
1005 1634 1089 1676 387
1122 1638 1364 1678 PRAESTET
1393 1648 1454 1678 UT

116 1704 358 1735 AUXILIUM.
419 1696 650 1745 interpolati
687 1697 822 1734 Mutat
862 1699 905 1735 ut
947 1709 1054 1746 aux„
1097 1696 1137 1734 M
1180 1697 1325 1736 Euetat
1364 1710 1454 1737 aux.

116 1757 212 1804 puto
244 1755 285 1793 in
316 1755 531 1805 archetypo
561 1755 686 1792 fuisse
718 1755 991 1803 compendium
1016 1756 1322 1805 praepositionis
1339 1756 1455 1807 Prae,

117 1813 256 1851 deinde
293 1817 327 1851 st
363 1825 531 1862 superne
567 1813 690 1851 litura
727 1814 993 1862 absumptum.
1056 1814 1095 1852 P
1131 1814 1277 1853 lineola
1321 1827 1455 1864 super-

118 1872 247 1920 posita
285 1872 453 1909 similius
492 1872 554 1909 est
583 1871 638 1921 E,
677 1884 814 1922 quam,
854 1872 958 1921 quod
989 1878 1107 1922 sfafflse
1137 1886 1210 1922 pro
1241 1885 1289 1911 ea
1317 1874 1456 1912 littera

118 1929 300 1966 habitum
336 1931 414 1979 est,
451 1930 537 1979 Per,
577 1931 647 1968 aut
676 1931 754 1969 Pro
791 1943 862 1979 pro
895 1930 944 1968 A.
1006 1943 1046 1969 se
1074 1934 1280 1979 praestare
1316 1933 1379 1971 est
1413 1933 1455 1970 in

120 1987 320 2025 Tristibus
358 1996 393 2025 11
422 1989 500 2025 169
553 1996 601 2026 1v
629 1990 682 2027 10
713 1991 806 2028 104.
956 1986 1040 2028 529
1085 1998 1283 2030 Novas
1328 2003 1456 2029 emen-

120 2046 212 2083 davi
244 2046 337 2083 olim
368 2045 418 2082 ad
444 2046 562 2084 Trist.
584 2055 599 2083 1
621 2049 643 2084 2
673 2049 741 2097 49,
775 2060 795 2085 e
827 2061 903 2097 quo
929 2049 1102 2087 carmine
1127 2061 1205 2087 non
1229 2061 1356 2098 pauca
1381 2050 1458 2088 huc

119 2104 374 2141 transtulisse
417 2104 721 2152 interpolatores
766 2106 952 2144 credibile
995 2110 1066 2145 est.
1217 2104 1301 2146 697
1343 2116 1458 2147 MUL-

121 2170 218 2199 '1'UM
249 2170 355 2199 FUIT
387 2170 539 2200 UTILE.
589 2165 650 2201 est
680 2164 776 2202 haec
806 2165 847 2202 M
879 2165 1076 2214 scriptura
1106 2166 1251 2204 iniuria
1274 2167 1458 2216 neglecta

121 2221 171 2258 ab
204 2220 556 2269 interpolatoribus
589 2223 628 2258 et
659 2223 816 2261 criticis.
865 2232 914 2262 IV
937 2225 1036 2262 155:
1064 2223 1096 2262 Ο
1125 2225 1287 2262 multum
1316 2227 1457 2264 miseri.

270 2276 502 2316 711—714
544 2279 760 2318 indicatum
799 2282 908 2320 volui
946 2282 1090 2331 duplex
1126 2283 1458 2336 supplementum,
