1554 2506
96 86 180 129 162
322 99 506 122 manmena
652 84 866 121 METAMM
878 111 886 120 .

212 196 398 236 Protinus
431 197 616 247 exuvias,
648 194 783 245 rigidis
815 194 1016 234 horrentia
1048 196 1165 235 saetis

213 255 338 307 Terga
370 255 434 293 dat
466 260 505 293 et
535 254 684 304 magnis
715 254 882 304 insignia
913 252 1096 292 dentibus
1128 265 1222 292 ora.

126 322 193 354 430
214 313 271 353 nli
303 314 469 353 laetitiae
502 318 563 351 est
595 323 686 350 cnm
717 323 881 351 munere
913 313 1089 350 muneris
1121 316 1286 351 auctor.

213 372 390 411 Invidere
423 371 513 410 alii:
546 375 707 422 totoque
740 375 823 410 erat
854 371 1006 421 agmine
1038 382 1240 409 murmur.

213 430 244 470 E
305 430 419 470 uibus
451 431 600 480 ingenti
631 428 837 468 tendentes
869 427 1051 468 bracchia
1082 440 1176 468 voce

214 487 259 528 ‘P
288 500 335 528 ne
368 500 467 541 age,
499 500 571 526 nec
610 487 743 527 titulos
781 489 972 539 intercipe
991 518 1002 539 ,
1035 487 1178 526 semina
1195 518 1207 540 ,
1240 483 1435 540 nostros,'

214 547 444 586 Thestiadae
477 546 644 586 clamant
677 544 764 586 ‘nec
798 552 835 586 te
867 546 1009 586 fiducia
1041 546 1189 585 formae

126 614 193 645 435
215 606 390 657 Decipiat
407 637 418 658 ‚
450 617 499 644 ne
532 607 582 644 sit
612 605 725 657 longe
758 604 828 645 ti-bi
861 610 997 657 captus
1023 616 1155 644 amore

213 662 376 704 Auctor'
409 670 449 704 et
479 664 570 703 huic
603 664 779 703 adimunt
809 676 982 716 munus,
1013 664 1075 702 ius
1107 664 1282 702 muneris
1314 662 1392 701 illi.

214 723 300 762 Non
333 723 449 776 tulit,
482 731 521 762 et
552 723 698 762 tumida
730 722 916 762 frendens
947 722 1159 761 Mavortius
1191 723 1248 760 ira

215 779 375 821 ‘Discite
395 814 405 834 ‚
438 788 615 834 raptores
647 778 778 820 alieni'
812 781 908 820 dixit
940 778 1138 833 ‘honoris‚

213 840 329 880 Facta
361 842 476 880 minis
510 845 697 892 quantum
730 836 890 879 distent'
922 839 1130 890 hausitque
1162 838 1329 878 nefando

127 907 195 940 440
215 899 381 939 Pectora
411 899 618 952 Plexippi,
650 899 703 938 nil
738 898 811 937 tale
844 899 1050 951 timentia,
1082 898 1213 937 ferro.

214 958 345 998 Toxea
362 990 373 1012 ‚
406 958 499 1009 quid
531 959 674 1010 faciat,
707 957 899 1009 dubium,
929 958 1156 1009 pariterque
1188 955 1383 995 volentem

215 1016 361 1056 Ulcisci
392 1018 553 1056 fratrem
586 1017 835 1067 fraternaque
868 1016 946 1055 fata
977 1017 1179 1055 timentem

215 1074 327 1115 Haud
358 1078 505 1128 patitur
537 1075 715 1115 dubitare
749 1075 815 1114 diu
834 1106 845 1127 ,
877 1073 1124 1125 calidumque
1156 1074 1302 1125 prioris

216 1134 341 1174 Caede
373 1134 574 1174 recalfecit
605 1135 778 1173 consorti
809 1135 997 1184 sanguine
1029 1132 1174 1171 telum.

127 1200 195 1232 445
276 1192 384 1232 Dona
415 1192 532 1232 deum
564 1192 718 1244 templis
751 1198 840 1231 nato
873 1193 1020 1230 victore
1052 1190 1228 1244 ferebat,

217 1251 315 1291 Cum
346 1251 451 1291 videt
483 1253 677 1291 extinctos
710 1251 851 1290 fratres
883 1249 1042 1289 Althaea
1074 1249 1238 1289 referri.

217 1310 323 1356 Quae
356 1310 543 1362 plangore
576 1310 664 1349 dato
698 1310 857 1349 maestis
890 1307 1126 1348 clamoribus
1157 1307 1296 1347 urbem

218 1369 385 1421 Implet,
417 1375 456 1409 et
488 1370 633 1409 auratis
666 1370 830 1408 mutavit
860 1367 1034 1407 vestibus
1065 1372 1192 1407 atras:

217 1428 266 1466 At
297 1428 412 1467 simul
445 1434 504 1467 est
535 1433 671 1466 auctor
702 1428 811 1466 necis
843 1426 970 1466 editus
989 1458 1000 1479 ,
1032 1425 1176 1465 excidit
1207 1427 1333 1465 omnis

128 1494 198 1526 450
217 1485 364 1526 Luctus
383 1519 394 1540 ‚
427 1494 466 1526 et
496 1498 517 1525 a
548 1486 717 1525 lacrimis
749 1487 790 1525 in
821 1497 969 1537 poenae
1001 1497 1139 1523 versus
1160 1496 1332 1523 amorem
1353 1489 1436 1524 est.

220 1545 349 1597 Stipes
382 1551 494 1598 erat,
526 1557 671 1597 quem,
704 1556 794 1583 cum
825 1549 961 1595 partus
993 1544 1106 1582 enixa
1136 1544 1283 1582 iaceret

219 1604 428 1657 Thestias,
459 1605 499 1643 in
530 1603 724 1642 flammam
755 1603 929 1654 triplices
961 1613 1130 1653 posuere
1163 1613 1344 1654 sorores3

220 1663 472 1714 Staminaque
504 1664 684 1713 inpresso
716 1661 844 1714 fatalia
874 1660 1015 1712 pollice
1047 1665 1186 1699 nentes

220 1718 443 1774 ‘Tempora'
477 1721 661 1760 dixerunt
693 1717 844 1759 ‘eadem
875 1719 1059 1771 lignoque
1090 1718 1264 1771 tibique,

130 1787 198 1819 455
220 1779 251 1819 Ο
284 1781 398 1820 modo
431 1786 520 1819 nate
539 1811 551 1832 ,
583 1779 718 1819 damus
739 1775 763 1817 .'
796 1790 873 1829 quo
904 1784 1113 1830 postquam
1144 1778 1316 1816 carmine
1337 1776 1438 1816 dieto

220 1838 437 1878 Excessere
469 1838 592 1891 deae,
624 1838 853 1889 flagrantem
884 1842 1009 1877 mater
1041 1836 1087 1875 ab
1120 1837 1210 1887 igne

221 1897 377 1949 Eripuit
408 1903 557 1936 torrem
588 1898 810 1949 sparsitque
836 1894 1246 1946 liqtlentibusfflndis.

220 1956 287 1995 Ille
320 1956 385 1995 diu
418 1957 546 1995 fuerat
571 1954 838 2007 penetralibus
863 1953 1017 1992 abditus
1048 1955 1160 2005 imiS,

222 2014 486 2066 Servatusque
518 2020 607 2053 tuos
625 2045 638 2067 ‚
668 2014 819 2053 iuvenis
839 2044 850 2065 ,
881 2018 1102 2051 servaverat
1132 2022 1277 2051 annos,

132 2081 201 2113 460
220 2073 390 2112 Protulit
420 2073 525 2112 hunc
557 2073 735 2124 genetrix
754 2104 765 2124 ,
796 2071 1006 2122 taedasque
1047 2076 1089 2110 et
1124 2070 1313 2121 fragmina
1349 2069 1443 2120 poni

220 2131 392 2183 Imperat
409 2163 420 2183 ,
451 2137 491 2171 et
520 2133 659 2183 positis
684 2131 863 2170 inimicos
895 2130 1075 2169 admovet
1104 2130 1238 2179 ignes.

221 2190 323 2230 Tum
356 2196 493 2229 conata
525 2196 664 2241 quater
695 2190 860 2228 flammis
891 2190 1081 2240 inponere
1113 2198 1286 2235 ramum,

224 2249 369 2301 Coepta
401 2254 539 2300 quater
566 2249 720 2288 tenuit.
758 2253 934 2300 pugnant
964 2252 1167 2298 materque
1199 2256 1415 2296 sororque,

221 2307 272 2347 Et
303 2307 456 2347 diversa
487 2307 648 2346 trahunt
679 2319 803 2346 unum
835 2306 911 2346 duo
945 2307 1103 2344 nomina
1134 2310 1296 2357 pectus.
