1538 2496
89 144 114 185 2

120 144 173 185 38
352 155 452 178 AULIS
637 139 852 174 METAMM
865 167 874 174 .

206 253 320 292 Texit
337 284 349 305 ,
380 257 420 291 et
450 256 602 302 optatae
635 261 713 288 nen
745 257 806 288 est
837 249 923 288 data
956 251 1067 301 copia
1098 250 1254 289 mortis.

209 312 434 363 Indignatur
466 321 598 348 amans
629 309 795 346 invitum
826 309 955 347 vivere
988 309 1098 361 cogi3

207 370 462 421 [obstarique
495 369 643 406 animae
663 399 674 420 ‚
706 369 849 405 misera
881 367 928 406 de
961 367 1053 405 sede
1086 366 1231 406 volenti

205 430 322 468 Exire
343 459 351 467 .
390 433 511 478 utque
544 438 661 465 novas
694 427 841 464 umeris
873 425 1145 477 adsumpserat
1176 425 1278 478 alas,

119 498 185 529 790
207 486 392 528 Subvolat
423 491 540 536 atque
572 487 717 524 iterum
749 487 893 536 corpus
925 497 1044 536 super
1078 497 1247 536 aequora
1279 486 1421 524 mittit.

206 547 341 586 Pluma
366 545 467 583 levat
493 556 606 584 casus
627 575 635 582 .
674 544 770 582 furit
794 545 962 582 Aesacos
980 575 991 595 ‚
1023 545 1142 594 inque
1172 543 1430 595 profundum]

204 606 358 644 Pronus
391 603 498 655 abit,
530 603 676 653 letique
709 604 808 641 viam
840 604 922 641 sine
955 603 1031 641 fine
1064 608 1295 654 retemptat.

206 663 334 714 [Fecit
365 674 474 701 amor
505 663 700 700 maciem:
730 662 844 712 longa
875 661 1097 700 internodia
1129 673 1314 714 crurum,

204 722 337 773 Longa
368 727 500 760 manet
531 721 693 772 cervix3
725 726 843 771 caput
874 727 935 759 est
966 732 987 758 a
1019 731 1185 771 corpore
1218 720 1354 771 longe.

117 789 183 822 ’195
204 781 361 833 Aequor
387 785 519 833 amat,
550 791 773 830 nomenque
801 785 939 831 tenet,
971 773 1063 830 quia
1089 780 1281 830 mergitur
1307 779 1371 817 illo
1387 775 1430 829 .']

434 975 618 1029 LIBER
654 973 1051 1029 DUODEGIMUS
1067 1014 1079 1029 .

204 1074 370 1114 Nescius
402 1073 618 1125 adsumptis
649 1073 828 1113 Priamus
860 1079 971 1124 pater
1002 1073 1178 1112 Aesacon
1209 1073 1279 1112 alis

204 1133 342 1173 Vivere
360 1166 373 1186 ,
403 1132 588 1183 lugebat.
628 1132 778 1171 tumulo
811 1144 967 1183 quoque
999 1144 1143 1170 nomen
1173 1131 1332 1171 habenti

204 1193 367 1231 Inferias
399 1191 561 1230 dederat
593 1203 682 1230 cum
714 1190 902 1229 fratribus
934 1189 1081 1229 Hector
1113 1191 1273 1230 inanes.

205 1251 336 1290 Defuit
367 1251 495 1289 officio
527 1249 679 1288 Paridis
710 1251 933 1301 praesentia
964 1250 1091 1301 tristi,

164 1318 183 1350 5
203 1308 414 1349 Postmodo
447 1310 515 1359 qui
546 1314 655 1359 rapta
686 1308 846 1359 longum
878 1320 969 1347 cum
1000 1309 1166 1359 coniuge
1197 1307 1344 1347 bellum

204 1368 345 1407 Attulit
374 1369 415 1406 in
446 1369 612 1419 patriam
631 1399 642 1419 ‚
675 1368 981 1418 coniurataeque
1014 1373 1237 1417 sequuntur

205 1427 307 1466 Mille
340 1432 444 1465 rates
477 1428 683 1477 gentisque
716 1425 833 1464 simul
864 1437 1072 1464 commune
1104 1425 1314 1476 Pelasgae.

203 1485 284 1524 Nec
316 1484 433 1523 dilata
464 1485 567 1523 foret
596 1484 796 1537 vindicta,
828 1486 903 1522 nisi
935 1496 1105 1535 aequora
1137 1485 1241 1523 saevi

204 1544 310 1583 Invia
341 1544 528 1582 fecissent
560 1544 694 1595 venti,
725 1542 951 1593 Boeotaque
983 1542 1099 1581 tellus

143 1612 185 1643 ιο
205 1602 343 1642 Aulide
374 1603 528 1653 piscosa
559 1613 712 1653 puppes
747 1603 939 1640 tenuisset
969 1603 1093 1640 ituras
1114 1633 1122 1640 .

204 1661 277 1700 Hic
307 1662 434 1713 patrio
467 1660 515 1699 de
547 1672 657 1698 more
690 1659 770 1698 Iovi
802 1672 892 1699 cum
925 1672 1035 1698 sacra
1065 1666 1294 1713 parassent,

204 1719 256 1760 Ut
286 1726 398 1758 vetus
431 1721 607 1758 accensis
639 1718 842 1758 incanduit
873 1718 1029 1770 ignibus
1061 1730 1153 1770 ara,

206 1778 376 1830 Serpere
408 1777 634 1817 caeruleum
666 1777 786 1816 Danai
816 1777 950 1816 videre
983 1778 1195 1816 draconem

206 1837 249 1876 In
281 1837 480 1888 platanum
498 1868 510 1890 ,
542 1837 691 1888 coeptis
724 1849 824 1887 quae
857 1835 983 1875 stabat
1012 1848 1085 1887 pro
1113 1837 1190 1874 ima
1221 1836 1366 1876 sacris.

145 1904 185 1935 15
206 1895 329 1934 Nidus
362 1902 446 1935 erat
475 1894 680 1934 volucrum
712 1895 772 1934 bis
804 1902 990 1946 quattuor
1022 1894 1163 1934 arbore
1195 1906 1368 1946 summa,

207 1954 311 2000 Quas
344 1954 461 1993 simul
492 1960 531 1993 et
561 1961 727 1993 matrem
759 1955 909 1992 circum
941 1965 1011 1992 sua
1043 1953 1183 1992 damna
1215 1952 1405 1992 volantem

207 2012 408 2063 Corripuit
438 2025 603 2064 serpens
635 2013 825 2063 avidoque
858 2011 1104 2051 abscondidit
1135 2024 1227 2051 ore.

208 2070 446 2121 Obstipuere
478 2083 614 2110 omnes
635 2103 643 2110 .
671 2078 721 2110 λιι
752 2072 835 2110 veri
864 2071 1052 2123 providus
1083 2083 1208 2121 augur

207 2129 461 2168 Thestorides
493 2127 710 2169 ‘vincemus
729 2126 757 2183 ,³
789 2131 842 2169 ait
874 2127 1054 2181 ‘gaudete
1074 2162 1085 2182 ‚
1116 2129 1292 2180 Pelasgi.

146 2196 189 2227 20
209 2187 326 2226 Troia
358 2187 498 2240 cadet3
530 2189 599 2227 sed
631 2190 707 2228 erit
738 2190 865 2227 nostri
895 2200 1005 2227 mora
1036 2188 1149 2239 longa
1179 2185 1339 2227 laboris'

208 2247 335 2297 Atque
368 2258 508 2285 novem
539 2247 718 2286 volucres
749 2249 791 2286 in
823 2247 915 2286 belli
946 2248 1088 2298 digerit
1119 2259 1263 2285 annos.

208 2305 276 2343 llle
296 2337 307 2357 ,
339 2312 383 2343 ut
414 2312 527 2356 erat,
560 2305 702 2344 virides
735 2306 936 2358 amplexus
967 2308 1008 2344 in
1040 2305 1180 2344 arbore
1211 2318 1341 2344 ramos

210 2363 271 2402 Fit
295 2362 416 2415 lapis;
443 2370 482 2402 et
507 2370 669 2416 superat
693 2366 889 2416 serpentis
915 2366 1083 2417 imagine
1109 2376 1266 2404 saxum.
1287 2373 1315 2399 t.
1334 2373 1431 2398 clxxi.

1532 500 1538 528 ³.
