1527 2580
571 148 618 182 111
637 175 647 190 ‚
676 152 857 183 140—213
1020 162 1174 184 ACTAEON
1329 150 1380 191 51

170 258 248 306 Qui
278 258 393 298 Simul
425 260 584 298 intravit
615 260 786 298 rorantia
819 258 991 298 sontibus
1024 265 1156 310 antra,

171 317 282 356 Sicut
312 323 454 369 erant,
484 318 566 356 viso
599 317 724 356 nudae
757 329 825 356 sua
858 323 1016 369 pectora
1048 316 1238 368 nymphae

169 375 408 415 percussere
439 377 522 414 viro
541 407 553 428 ,
584 374 802 426 subitisque
835 375 1046 414 ululatibus
1078 387 1192 414 omne

82 433 383 486 1801mplevere
416 445 554 473 nemus
573 465 585 486 ,
616 434 955 485 circumfusaeque
987 433 1146 473 Dianam

168 491 408 544 Corporibus
440 498 573 531 texere
605 493 716 531 suis.
755 499 883 531 tamen
916 491 1028 531 altior
1060 492 1134 531 illis

167 550 255 602 Ipsa
286 549 358 590 dea
390 556 479 603 est,
511 550 690 601 colloque
723 556 837 590 tenus
871 551 1138 602 supereminet
1169 562 1327 589 omnes.

170 608 247 655 Qui
278 608 385 648 color
416 609 571 648 infectis
604 608 756 648 adversi
788 608 880 647 solis
906 608 951 647 ab
984 610 1064 648 ictu

168 665 347 706 Nubibus
378 679 464 706 esse
497 666 598 706 solet
627 673 694 706 aut
723 679 946 718 purpureae
978 679 1165 718 aurorae,

83 732 148 765 185
168 724 206 764 Is
237 725 311 765 fuit
341 726 381 764 in
413 725 522 764 vultu
553 727 656 764 visae
689 726 772 764 sine
805 731 912 764 veste
944 724 1106 765 Dianae.

169 783 276 830 Quae
310 795 544 834 quamquam
576 785 764 822 comitum
797 782 910 823 turba
942 789 1002 823 est
1033 785 1173 836 stipata
1206 796 1388 835 suarum,

169 842 212 881 In
245 842 345 881 latus
378 841 580 893 obliquum
612 848 742 881 tamen
774 844 926 895 astitit,
957 854 1102 893 oraque
1134 848 1242 881 retro

170 899 323 940 Flexit:
351 906 392 939 et
421 906 465 939 ut
489 899 606 939 vellet
635 906 835 951 promptas
867 899 1050 939 habuisse
1081 901 1263 952 sagittas,

170 958 276 1004 Quas
307 957 442 998 habuit
473 959 530 997 sic
560 958 691 997 hausit
722 970 864 1011 aquas,
896 957 1124 1009 vultumque
1155 958 1306 997 virilem

84 1024 150 1057 190
170 1015 378 1056 Perfudit.
418 1015 703 1068 [spargensque
735 1028 866 1055 comas
898 1015 1105 1056 ultricibus
1137 1016 1271 1065 undis]

171 1074 328 1114 Addidit
358 1074 455 1114 haec
487 1074 608 1114 cladis
639 1076 872 1126 praenuntia
904 1074 1021 1114 verba
1048 1075 1226 1114 futurae:

170 1130 298 1173 ‘Nunc
330 1132 398 1172 tibi
432 1144 494 1172 me
525 1135 653 1185 posito
684 1134 805 1172 visam
836 1133 1025 1172 velamine
1057 1145 1215 1184 narres,

171 1191 212 1230 Si
243 1193 393 1243 poteris
424 1203 584 1230 narrare
602 1222 614 1244 ,
646 1190 738 1230 licet
757 1188 781 1230 .'
820 1204 892 1230 nec
923 1191 1035 1243 plura
1066 1193 1208 1230 minata

171 1249 243 1289 Dat
273 1261 409 1301 sparso
441 1251 559 1301 capiti
590 1250 732 1289 vivacis
764 1261 911 1288 cornua
943 1251 1071 1301 cervi,
1225 1258 1256 1284 1.
1278 1257 1390 1284 xxvffl.
1462 1290 1464 1292 ,

85 1316 149 1348 195
171 1307 243 1347 Dat
273 1309 442 1360 spatium
474 1307 573 1346 collo
591 1339 603 1360 ,
634 1319 884 1358 summasque
917 1310 1136 1348 cacuminat
1166 1319 1305 1359 aures,

173 1365 270 1406 Cum
302 1365 546 1418 pedibusque
579 1377 716 1406 manus
734 1397 746 1418 ,
777 1377 867 1405 cum
898 1366 1023 1417 longis
1054 1365 1236 1405 bracchia
1268 1371 1392 1405 mutat

171 1423 363 1464 Cruribus
381 1456 393 1477 ,
425 1430 465 1463 et
494 1424 595 1463 velat
625 1424 822 1464 maculoso
855 1424 997 1464 vellere
1028 1436 1192 1476 corpus3

170 1482 335 1522 Additus
365 1488 405 1522 et
435 1494 554 1534 pavor
585 1489 674 1522 est.
712 1483 811 1534 fugit
842 1484 1082 1522 Autonoeius
1114 1482 1231 1521 heros

170 1540 221 1580 Et
251 1553 293 1580 se
324 1546 404 1580 tam
429 1541 598 1580 celerem
631 1553 749 1580 cursu
781 1542 946 1580 miratur
977 1543 1015 1580 in
1049 1542 1157 1592 ipso.

85 1607 154 1640 200
173 1599 225 1638 Ut
254 1611 346 1639 vero
378 1599 509 1639 vultus
541 1606 580 1639 et
610 1611 757 1638 cornua
788 1599 883 1638 vidit
913 1601 953 1638 in
985 1599 1111 1652 unda,

173 1655 248 1697 ‘Me
280 1659 469 1698 miserum
488 1654 511 1697 !'
541 1657 720 1697 dicturus
751 1663 864 1709 erat,
895 1670 968 1696 vox
1007 1657 1111 1697 nulla
1142 1664 1276 1696 secuta
1310 1664 1392 1697 est:

173 1716 398 1770 Ingemuit,
428 1728 500 1755 vox
532 1715 597 1755 illa
628 1717 729 1768 fuit3
761 1715 1020 1767 lacrimaeque
1052 1728 1123 1767 per
1154 1728 1222 1755 ora

174 1773 258 1813 Non
292 1786 362 1814 sua
392 1774 620 1814 fluxerunt.
660 1786 771 1813 mens
803 1780 954 1813 tantum
984 1775 1150 1825 pristina
1181 1775 1344 1813 mansit.

172 1832 273 1878 Quid
306 1830 461 1872 saciat?
492 1838 693 1884 repetatne
725 1832 884 1871 domum
917 1838 956 1871 et
987 1832 1130 1883 regalia
1160 1829 1298 1871 tecta?

86 1899 152 1931 205
173 1892 230 1930 An
263 1891 379 1931 lateat
409 1890 515 1930 silvis
534 1888 556 1930 ⁸?
586 1891 713 1942 pudor
746 1891 818 1930 hoc
837 1923 849 1942 ,
880 1892 996 1929 timor
1027 1889 1190 1942 impedit
1221 1889 1337 1929 illud.

171 1949 272 1989 Dum
302 1948 455 1989 dubitat
473 1981 484 2002 ,
515 1949 647 1988 videre
680 1961 826 1988 canes:
857 1949 1105 2000 primumque
1138 1947 1350 2000 Melampus

171 2007 481 2059 Ichnobatesque
513 2019 627 2059 sagax
653 2007 795 2046 latratu
828 2008 936 2058 signa
968 2006 1133 2058 dedere,

171 2065 339 2105 Gnosius
370 2065 601 2105 Ichnobates
619 2097 631 2117 ,
663 2065 852 2117 Spartana
872 2071 988 2116 gente
1019 2064 1257 2116 Melampus.

172 2123 265 2163 Inde
297 2130 419 2163 ruunt
449 2124 513 2163 alii
543 2123 677 2175 rapida
708 2123 879 2162 velocius
910 2135 1027 2175 aura,

85 2190 152 2222 210
171 2181 418 2233 Pamphagus
451 2187 490 2221 et
520 2181 694 2220 Dorceus
726 2188 766 2220 et
785 2180 973 2221 Oribasus
990 2213 1002 2234 ,
1033 2181 1201 2221 Arcades
1234 2193 1392 2232 omnes,

171 2239 541 2292 Nebrophonusque
572 2239 703 2278 valens
735 2246 776 2279 et
806 2245 898 2279 trux
917 2252 1005 2279 cum
1026 2238 1189 2291 Laelape
1210 2239 1392 2291 Theron,

171 2297 222 2338 Et
251 2298 418 2350 pedibus
449 2297 623 2338 Pterelas
642 2329 654 2350 ,
685 2303 725 2337 et
755 2296 915 2341 naribus
948 2298 1054 2338 utilis
1086 2298 1210 2350 Agre,

172 2355 420 2408 Hylaeusque
452 2357 562 2397 ferox
594 2368 720 2408 nuper
752 2368 964 2408 percussus
996 2355 1042 2395 ab
1075 2368 1192 2409 apro,

1063 2423 1109 2453 41
