1527 2580
565 116 633 152 VII
650 145 659 158 ,
686 121 869 153 bei-633
886 146 892 151 .
1037 132 1166 154 aeacus
1316 123 1394 162 143

175 227 274 267 Cum
306 228 476 267 facerem
507 229 607 266 natis
626 259 636 279 ,
669 229 841 279 mugitus
874 229 1029 267 victima
1062 229 1167 267 diros

176 285 307 325 Edidit
338 292 378 326 et
408 285 538 325 subito
571 286 737 337 collapsa
769 288 851 325 sine
884 286 1027 326 ictibus
1061 287 1147 325 ullis

176 343 326 396 Exiguo
358 345 474 384 tinxit
504 343 702 384 subiectos
735 346 922 396 sanguine
956 345 1126 384 cultros.

89 411 156 443 600
176 402 292 442 Fibra
324 415 481 454 quoque
514 415 628 454 aegra
662 410 772 442 notas
806 406 886 443 veri
918 406 1168 455 monitusque
1201 404 1363 444 deorum

176 461 434 514 Perdiderat;
467 463 599 501 tristes
631 469 838 513 penetrant
870 463 916 501 ad
948 465 1096 502 viscera
1129 462 1276 502 morbi.

175 522 273 560 Ante
305 532 438 559 sacros
469 520 546 559 vidi
577 522 750 572 proiecta
783 521 968 560 cadavera
1001 528 1156 574 postes,

176 581 273 618 Ante
304 580 438 631 ipsas,
470 591 547 630 quo
580 591 685 618 mors
718 580 819 618 foret
851 580 1106 632 invidiosior,
1138 592 1248 619 aras.

176 637 270 676 Pars
302 638 469 676 animam
501 637 639 689 laqueo
672 637 887 690 claudunt,
919 640 1135 689 mortisque
1169 641 1345 677 timorem

88 703 155 736 605
175 695 300 735 Morte
333 696 497 748 fugant,
530 696 710 748 ultroque
745 703 882 736 vocant
913 699 1106 736 venientia
1139 697 1236 736 fata.

176 753 349 806 Corpora
381 756 498 794 missa
530 757 618 794 neci
651 755 766 794 nullis
799 755 845 794 de
879 767 986 795 more
1020 756 1201 794 feruntur

175 812 426 853 Funeribus:
458 825 585 865 neque
619 816 722 853 enirn
755 813 959 865 capiebant
991 815 1128 853 funera
1160 820 1318 866 portae.

175 874 251 911 Aut
282 871 480 911 inhumata
513 879 697 924 premunt
730 879 854 912 terras
873 904 886 924 ,
915 878 981 912 aut
1014 872 1154 911 dantur
1186 874 1225 911 in
1258 872 1354 911 altos

177 930 352 970 indotata
383 943 499 982 rogos
520 961 528 970 .
569 929 627 981 [et
658 933 733 970 iam
766 932 985 970 reverentia
1019 931 1123 969 nulla
1156 937 1236 981 est,

86 998 153 1029 510
176 988 308 1040 Deque
340 991 446 1040 rogis
477 995 652 1041 pugnant
683 989 897 1040 alienisque
929 988 1084 1040 ignibus
1117 989 1253 1027 ardent
1268 987 1294 1038 .]

175 1047 251 1093 Qui
282 1046 518 1100 lacrimem,
550 1047 719 1087 desunt.
758 1047 1042 1098 indefletaeque
1068 1053 1256 1098 vagantur

174 1105 363 1145 Natorum
395 1105 662 1157 queribundae
695 1107 844 1145 animae
871 1108 1135 1157 iuvenumque
1155 1117 1394 1156 senumque:

174 1163 254 1204 Nec
286 1164 395 1204 locus
426 1166 466 1204 in
500 1164 669 1204 tumulos
688 1196 699 1216 ‚
731 1177 804 1204 nec
836 1165 981 1203 sufficit
1013 1164 1129 1202 arbor
1159 1165 1199 1202 in
1231 1165 1364 1215 ignes,

233 1223 433 1262 Attonitus
467 1229 572 1262 tanto
606 1225 839 1262 miserarum
873 1223 1029 1262 turbine
1062 1234 1219 1274 rerum,

86 1289 154 1321 615
174 1279 382 1333 “Iuppiter
413 1293 436 1320 o
458 1277 483 1320 !’
516 1281 594 1320 dixi
627 1279 675 1320 ‘si
708 1287 744 1321 te
777 1293 854 1321 non
886 1281 980 1320 falsa
1012 1281 1226 1332 loquuntur

176 1339 286 1380 Dicta
318 1339 391 1379 sub
423 1339 624 1392 amplexus
655 1340 824 1392 Aeginae
856 1339 1047 1391 Asopidos
1079 1341 1180 1392 isse,

174 1397 254 1438 Nec
287 1405 354 1450 te,
387 1411 524 1450 magne
556 1405 697 1451 pater,
729 1399 853 1438 nostri
890 1398 1013 1450 pudet
1049 1409 1136 1437 esse
1168 1404 1394 1449 parentem:

175 1458 251 1496 Aut
265 1456 358 1496 mihi
372 1457 491 1497 redde
513 1469 619 1496 meos
633 1489 643 1509 ‚
664 1463 730 1496 aut
749 1469 809 1496 me
825 1468 981 1508 quoque
996 1455 1119 1495 conde
1139 1452 1394 1508 sepulchro.”

176 1515 242 1555 [lle
274 1521 407 1555 notam
439 1515 589 1567 fulgore
623 1515 730 1554 dedit
763 1517 990 1566 tonitruque
1023 1513 1219 1554 secund0.

87 1582 155 1615 620
176 1571 365 1626 “Accipio
385 1605 396 1627 ‚
428 1576 584 1626 sintque
617 1576 719 1627 ista,
751 1586 892 1626 precor
911 1606 923 1626 ‚
956 1573 1081 1613 felicia
1114 1574 1255 1612 mentis

175 1632 293 1684 Signa
325 1639 413 1672 tuae
429 1629 454 1672 Γ
487 1633 566 1672 dixi
599 1629 718 1684 ‘quod
751 1632 819 1671 das
851 1632 944 1671 mihi
964 1664 975 1684 ‚
1007 1634 1192 1683 pigneror
1224 1627 1379 1670 omen.'

175 1691 291 1731 Forte
324 1691 398 1731 fuit
428 1692 535 1731 iuxta
565 1691 708 1743 patulis
739 1692 937 1730 rarissima
969 1692 1085 1729 ramis

176 1749 294 1789 Sacra
325 1749 406 1789 Iovi
437 1761 608 1801 quercus
641 1749 688 1789 de
720 1751 868 1788 semine
901 1748 1131 1788 Dodonaeo.

175 1807 247 1848 Hic
278 1819 350 1848 nos
382 1808 592 1860 frugilegas
625 1809 846 1860 aspeximus
877 1809 1028 1858 agmine
1061 1806 1175 1857 longo

88 1875 155 1906 525
179 1866 333 1906 Grande
365 1878 465 1907 onus
498 1868 639 1918 exiguo
672 1867 854 1905 formicas
886 1877 953 1904 ore
986 1870 1167 1916 gerentes

177 1925 413 1977 Rugosoque
445 1937 562 1965 suum
595 1931 796 1964 servantes
828 1925 974 1963 cortice
1007 1923 1167 1962 callem.

177 1983 276 2024 Dum
307 1996 516 2024 numerum
541 1986 664 2023 miror
681 2014 693 2036 ,
726 1980 948 2034 “totidem,
980 1987 1090 2033 pater
1111 1982 1256 2032 optime
1268 1977 1296 2033 ,'
1318 1980 1394 2019 dixi

176 2039 251 2081 ‘Tu
283 2042 378 2082 mihi
409 2042 457 2082 da
488 2044 622 2095 cives,
654 2048 693 2081 et
724 2043 852 2080 inania
884 2042 1035 2079 moenia
1067 2039 1204 2091 supple
1219 2035 1261 2079 .’'

175 2100 384 2140 Intremuit
415 2103 610 2152 ramisque
643 2112 783 2140 sonum
814 2100 899 2139 sine
931 2099 1085 2138 flamine
1116 2099 1232 2137 motis

88 2167 156 2200 630
176 2159 261 2199 Alta
292 2159 400 2198 dedit
431 2171 630 2210 quercus.
669 2158 806 2211 pavido
838 2157 933 2197 mihi
963 2155 1137 2196 membra
1170 2157 1307 2195 timore

176 2217 421 2257 Horruerant
452 2217 684 2268 stabantque
718 2228 850 2256 comae
871 2247 880 2256 .
919 2222 1047 2255 tamen
1079 2215 1211 2254 oscula
1244 2221 1370 2253 terrae

176 2276 477 2328 Roboribusque
510 2275 630 2316 dedi:
663 2287 734 2315 nec
767 2287 828 2315 me
861 2286 1021 2327 sperare
1049 2273 1220 2325 fatebar,

177 2334 390 2388 Sperabam
423 2341 552 2374 tamen
583 2340 700 2387 atque
732 2335 858 2373 animo
892 2345 976 2373 mea
1010 2339 1094 2372 vota
1129 2330 1315 2370 fovebam.

1383 1628 1394 1644 5
