1527 2580
589 130 661 175 Vl,
688 133 848 165 41—113
865 157 896 185 ,Δ
1018 142 1175 164 amc-uxr:
1322 133 1399 170 1(le

181 241 374 281 Exiluisse
407 241 564 292 t'erum3
597 253 673 291 quo
707 242 869 291 pignore
902 238 1073 278 vindicet
1106 238 1266 277 urbem.

181 302 230 340 At
260 300 335 339 sibi
365 299 431 338 dat
462 299 659 350 clipeum,
691 299 756 337 dat
787 304 922 337 acutae
955 297 1128 348 cuspidis
1160 297 1332 348 hastam,

182 358 255 398 Dat
285 358 433 410 galeam
464 359 612 409 capit13
644 357 869 396 defenditur
901 356 1034 407 aegide
1067 360 1228 407 pectus:

117 425 166 458 80
186 417 498 467 percussamque
529 427 600 455 sua
631 415 788 454 simulat
819 415 867 454 de
900 414 1062 465 cuspide
1095 419 1240 453 terram

185 475 313 514 Edere
345 487 434 514 cum
468 474 574 513 bacis
607 474 730 513 fetum
762 475 938 513 canentis
970 473 1116 512 olivae:

184 534 396 584 Mirarique
428 533 552 572 deos:
583 534 694 584 operi
726 533 886 571 victoria
919 532 1028 570 finis.

187 592 237 631 Ut
268 599 398 631 tamen
430 591 619 643 exemplis
651 590 850 642 intellegat
881 590 1029 629 aemula
1062 589 1213 641 laudis,

188 650 300 696 Quod
334 652 506 702 pretium
538 655 671 701 speret
702 661 773 701 pro
806 655 883 688 tam
917 648 1120 687 furialibus
1151 649 1277 699 ausis,

120 717 166 748 85
189 709 386 755 Quattuor
417 710 458 747 in
490 714 622 759 partes
654 709 866 747 certamina
899 713 1082 758 quattuor
1115 706 1219 745 addit

188 767 299 806 Clara
330 766 462 806 colore
493 779 564 805 suo
583 799 594 819 ‚
627 766 811 805 brevibus
844 766 1025 805 distincta
1057 764 1214 815 sigillis.

188 826 409 865 Threiciam
429 825 645 876 Rhodopen
677 824 793 864 habet
824 824 989 875 angulus
1020 835 1123 863 unus
1155 828 1194 861 et
1213 820 1409 872 Haemon,

187 884 301 924 Nunc
320 883 469 935 gelidos
489 889 665 936 montes,
686 882 862 922 mortalia
882 894 1046 934 corpora
1067 881 1261 932 quondam
1274 912 1286 932 ‚
1302 888 1321 915 f.
1340 888 1410 914 lxv.

190 943 353 981 Nomina
384 954 628 982 summorum
659 941 734 981 sibi
765 943 833 992 qui
864 941 1038 980 tribuere
1071 940 1257 979 deorum.

127 1009 174 1041 90
194 1001 323 1040 Altera
355 1000 568 1052 Pygmaeae
601 1001 722 1039 satum
753 998 974 1038 miserabile
1007 999 1142 1037 matris

191 1059 284 1098 Pars
304 1058 443 1098 habet.
474 1058 574 1097 hanc
594 1058 690 1097 Iuno
710 1059 850 1097 victam
879 1058 1089 1096 certamine
1116 1057 1231 1095 iussit
1283 1063 1312 1088 f·
1332 1062 1408 1088 lxvi-

193 1118 289 1157 Esse
321 1129 461 1169 gruem
491 1117 724 1168 populisque
757 1117 838 1155 suis
870 1115 1042 1154 indicere
1076 1114 1243 1153 bellum.

193 1177 323 1216 Pinxit
353 1181 394 1215 et
423 1176 643 1226 Antigonen
674 1187 807 1214 ausam
839 1174 1076 1213 contendere
1108 1172 1301 1223 quondam

196 1235 293 1274 Cum
326 1235 455 1285 magni
487 1239 669 1273 consorte
700 1232 800 1272 Iovis
819 1264 830 1285 ,
863 1244 979 1283 quam
1011 1233 1116 1282 regia
1149 1230 1243 1269 luno

128 1301 173 1333 95
195 1293 237 1332 in
268 1292 468 1331 volucrem
499 1293 644 1344 vertit;
675 1303 749 1331 nec
779 1291 928 1342 profuit
959 1289 1056 1328 Ilion
1087 1289 1142 1328 illi
1273 1296 1300 1322 f·
1321 1295 1411 1321 lxvii·

194 1351 463 1391 Laomedonve
495 1356 636 1403 pater,
668 1351 834 1401 sumptis
866 1350 962 1400 quin
994 1347 1156 1387 candida
1188 1348 1327 1398 pennis

196 1410 282 1461 Ipsa
314 1408 391 1448 sibi
421 1409 579 1461 plaudat
610 1410 826 1460 crepitante
859 1407 1008 1446 ciconia
1039 1412 1192 1444 rostro,

196 1468 273 1514 Qui
305 1473 488 1519 superest
518 1467 624 1506 solus
643 1499 654 1520 ‚
685 1466 852 1518 Cinyran
883 1464 1003 1504 habet
1033 1464 1198 1514 angulus
1230 1462 1393 1512 orbum3

195 1527 311 1578 Isque
331 1526 474 1577 gradus
495 1525 652 1578 templi,
673 1530 852 1564 natarum
867 1522 1041 1563 membra
1055 1533 1214 1561 suarum
1229 1553 1239 1573 ,
1274 1529 1292 1555 s.
1313 1528 1416 1553 lxviii.

111 1593 177 1625 100
196 1584 444 1637 Amplectens
475 1595 647 1635 saxoque
678 1585 810 1622 iacens
841 1582 1045 1622 lacrimare
1076 1581 1254 1619 videtur.

198 1643 347 1683 Circuit
377 1649 571 1682 extremas
603 1642 699 1681 oleis
729 1640 929 1693 pacalibus
960 1651 1072 1679 oras.

197 1702 235 1742 Is
266 1702 406 1741 modus
437 1706 527 1753 est,
557 1702 766 1752 operisque
799 1711 869 1739 sua
901 1699 993 1738 facit
1023 1697 1160 1737 arbore
1197 1697 1319 1734 [inem.

258 1759 430 1799 Maeonis
461 1759 610 1798 elusam
641 1759 819 1810 designat
850 1758 1016 1808 imagine
1048 1757 1149 1794 tauri

201 1818 427 1870 Europam:
459 1830 594 1857 verum
627 1823 782 1856 taurum
801 1847 812 1868 ,
844 1816 943 1854 freta
975 1826 1065 1853 vera
1094 1819 1279 1865 putares3

116 1884 182 1918 105
202 1877 289 1929 Ipsa
321 1876 525 1915 videbatur
556 1882 682 1914 terras
714 1880 892 1927 spectare
924 1872 1081 1912 relictas

199 1935 250 1974 Et
281 1937 444 1974 comites
475 1934 642 1973 clamare
674 1945 764 1972 suas
782 1965 794 1985 ,
825 1937 1050 1982 tactumque
1083 1931 1210 1969 vereri

200 1993 420 2032 Assilientis
451 2005 574 2044 aquae
606 1992 838 2042 timidasque
869 1991 1060 2029 reducere
1091 1988 1266 2040 plantas.

201 2051 311 2091 Fecit
341 2058 382 2090 et
410 2052 590 2090 Asterien
622 2051 749 2101 aquila
780 2050 953 2088 luctante
984 2049 1135 2088 teneri:
1182 2054 1221 2080 ff.
1240 2052 1419 2079 lxix—lxxvi.

201 2109 311 2149 Fecit
341 2109 503 2148 olorinis
534 2109 678 2148 Ledam
710 2107 899 2147 recubare
931 2106 1005 2146 sub
1037 2106 1130 2145 alis:

117 2175 183 2208 110
202 2167 389 2221 Addidit,
420 2173 464 2206 ut
496 2167 624 2219 Satyri
655 2167 803 2206 celatus
835 2167 1002 2217 imagine
1032 2163 1237 2216 pulchram

201 2226 380 2278 Iuppiter
410 2225 582 2278 implerit
612 2227 767 2277 gemino
798 2223 985 2276 Nycteida
1017 2223 1125 2276 fetu,

202 2285 460 2337 Amphitryon
492 2285 612 2324 suerit
628 2315 640 2338 ,
673 2296 761 2323 cum
794 2288 862 2337 te,
894 2282 1125 2334 Tirynthia,
1159 2281 1285 2332 cepit,

202 2343 358 2384 Aureus
391 2348 435 2383 ut
465 2342 620 2382 Danaen
639 2374 651 2397 ,
683 2342 850 2396 Asopida
880 2341 1019 2381 luserit
1050 2341 1174 2391 ignis,
