1507 2580
1257 99 1373 135 XXXI

150 205 256 249 LIB.
287 204 327 247 X
369 221 407 248 v.
439 205 495 248 58
546 218 796 248 PRENDERE
831 217 1016 249 esurus.
1067 213 1239 260 captans,
1270 211 1374 260 quod

33 268 95 308 edi
127 269 247 318 solet,
284 279 373 306 cum
410 267 605 306 infinitivo
643 281 721 306 non
753 269 911 308 videtur
942 269 1129 318 egregiae
1160 269 1374 308 latinitatis

33 329 75 366 et
110 327 305 366 librorum
343 327 405 365 est
435 326 779 376 interpolatorum.
841 330 990 366 certans
1020 327 1079 376 M3
1117 327 1220 366 unde
1252 328 1374 378 effeci,

34 384 139 436 quod
169 386 326 424 mutata
351 385 495 424 leviter
513 385 841 435 interpunctione,
873 385 1019 424 Jahnio
1051 387 1279 436 praeeunte,
1311 387 1374 425 vel

32 444 205 483 Dantem
235 455 314 482 non
345 442 564 482 dedeceret.
626 447 758 494 certas,
790 447 935 483 certant
965 444 1128 483 confusa
1159 445 1279 483 etiam
1311 453 1374 483 xv

34 504 131 542 647.
280 498 337 540 94
382 509 674 549 CIRRATAQUE
720 510 984 542 GLANDmns
1030 511 1155 542 max.
1217 503 1374 542 arboris

32 561 117 600 eius
142 561 307 600 Italicae
334 561 526 611 graphica
556 563 618 600 est
648 561 793 611 imago.
848 564 1078 610 curvataque
1106 562 1201 600 libri
1227 574 1375 612 omnes,

31 620 79 670 E,
110 621 156 659 ut
180 620 329 669 notavi,
361 620 567 659 obscurius
594 619 796 669 scriptum.
848 620 1006 658 obelum
1031 621 1125 659 olim
1150 632 1373 669 posueram.

153 675 237 717 115
268 686 522 725 mannonis
555 686 738 717 AETATE
770 687 1016 718 ΝῙΤΕΒΑΝΤ.
1068 679 1156 728 ipsa
1186 679 1283 718 haec
1315 681 1375 718 est

33 736 109 775 ME
142 737 379 787 auctoritas3
416 739 576 787 neuter,
609 740 802 786 quantum
832 738 986 787 notavi,
1019 748 1062 776 ex
1095 741 1225 776 aetate.
1288 750 1375 776 eam

32 795 220 834 dederam
264 796 348 834 sine
392 796 525 845 obelo,
570 795 673 845 quod
717 797 757 834 in
794 796 915 835 bullis
959 797 1139 835 consules
1182 796 1375 845 perscribi

33 854 172 893 solitos
211 854 414 903 opinabar.
462 866 542 893 non
578 854 660 893 vidi
698 855 921 904 exemplum
958 858 1029 893 aut
1065 855 1222 894 invenio
1262 855 1376 893 testi-

31 913 219 952 monium.
269 913 338 952 sed
368 915 504 951 tamen
534 912 812 962 inscriptiones
845 914 929 952 eius
961 913 1068 952 modi
1093 915 1376 952 commemorat

32 971 184 1010 Plinius
216 971 266 1009 N.
291 971 329 1010 h.
354 979 441 1010 vm
463 973 566 1010 119:
603 973 683 1010 vita
715 973 835 1010 cervis
865 973 908 1010 in
939 972 1107 1020 confesso
1139 972 1263 1022 lonya,
1287 975 1377 1020 post

33 1033 180 1070 centvm
223 1041 344 1069 armos
381 1042 407 1069 a
444 1030 672 1078 quibusdam
716 1032 837 1079 captis
873 1041 959 1069 cum
1002 1031 1198 1079 torquibus
1235 1032 1376 1080 aureis,

32 1100 125 1137 quos
154 1087 377 1128 Alexander
407 1089 582 1137 Maqnus
619 1089 838 1139 addiderat,
878 1090 1071 1137 adopertis
1106 1090 1186 1128 iam
1224 1091 1305 1128 cute
1334 1091 1377 1127 in

31 1159 178 1196 mayna
208 1149 395 1186 obesitate.
521 1144 603 1186 133
635 1155 694 1185 ΔΤ
726 1155 955 1186 UTILITER.
1010 1148 1069 1186 ita
1100 1148 1241 1196 scripsi
1272 1148 1376 1197 quod

32 1207 75 1245 in
99 1206 149 1259 M,
166 1207 219 1245 ad
241 1207 341 1244 hunc
364 1206 505 1255 leviter,
530 1206 572 1244 in
596 1206 761 1256 reliquis
794 1209 827 1245 et
849 1206 895 1244 ut
919 1206 1047 1245 leviter
1078 1206 1272 1244 traditum
1304 1208 1375 1245 est.

32 1268 76 1304 ut
104 1265 146 1303 in
178 1265 394 1315 archetypo
425 1264 551 1303 fuisse
583 1264 839 1314 crediderim,
877 1264 981 1314 quod
1012 1276 1036 1303 a
1068 1265 1198 1303 scriba
1227 1265 1269 1302 M
1299 1276 1377 1303 non

32 1324 259 1374 putaverim
278 1323 541 1373 depravatum
568 1322 609 1361 in
639 1323 750 1373 hunc,
783 1335 1023 1373 quamquam
1049 1323 1145 1361 alibi
1170 1323 1275 1373 fecit,
1308 1323 1376 1362 sed

33 1383 242 1432 expulsum
273 1384 435 1432 recepta
465 1382 614 1432 glossa,
646 1394 765 1431 quam
791 1382 1104 1421 accommodavit
1129 1381 1377 1420 antecedenti

34 1442 104 1492 ad,
141 1440 246 1491 quod
284 1441 378 1479 olim
415 1441 493 1479 fuit
530 1443 580 1480 at.
632 1443 666 1479 et
700 1444 743 1479 ut
777 1441 946 1480 iterasse
976 1442 1136 1490 poetam
1167 1442 1259 1489 post
1294 1441 1373 1479 131

32 1500 99 1539 vix
135 1499 339 1549 credibile,
375 1502 419 1538 ut
453 1500 585 1549 ipsum
616 1499 858 1538 commodius
897 1499 1028 1539 abest:
1066 1500 1222 1548 partem
1252 1499 1377 1538 fuisse

34 1559 119 1598 eius
161 1558 346 1598 vocabuli
390 1559 586 1608 suspicor,
637 1558 741 1608 quod
790 1558 961 1597 restitui.
1025 1570 1161 1597 sanam
1204 1560 1377 1596 mentem

37 1617 236 1667 significat
272 1617 378 1667 apud
416 1616 529 1656 Ovid.
562 1617 655 1655 Her.
688 1625 723 1655 11
746 1618 848 1666 129,
886 1628 1055 1666 aequum
1092 1617 1239 1655 bonum
1272 1616 1377 1666 apud

34 1676 152 1715 Ictos.
203 1676 343 1726 leviter,
375 1676 480 1726 quod
505 1676 556 1714 ad
581 1688 742 1715 versum
773 1675 1010 1725 explendum
1040 1675 1105 1714 vel
1135 1676 1221 1724 ipse
1248 1675 1378 1713 scriba

34 1735 75 1773 M
101 1734 344 1774 comminisci
368 1735 512 1785 potuit,
545 1735 725 1784 quamvis
752 1734 992 1784 respondeat
1014 1736 1174 1782 qravius
1206 1741 1258 1771 111
1281 1734 1376 1782 334,

36 1794 174 1832 durius
209 1795 271 1832 est
300 1794 375 1832 hoc
404 1794 490 1832 loco
523 1796 564 1832 et
594 1793 781 1832 rusticius
819 1805 936 1842 quam
968 1805 1038 1842 pro
1070 1794 1200 1841 poeta.
1262 1795 1303 1831 at
1332 1804 1378 1830 ex

35 1852 162 1902 ipsius
207 1852 269 1891 dei
313 1852 505 1891 orationis
547 1852 798 1901 impatientia
839 1852 1092 1900 desumptum
1135 1850 1378 1901 putabimus,

33 1911 146 1950 velut
175 1913 238 1949 est
267 1918 284 1949 1
306 1912 388 1950 678
434 1919 481 1949 1v
503 1911 585 1949 654
630 1919 716 1949 vm
738 1912 819 1949 279
865 1918 896 1948 x
917 1911 998 1948 351
1041 1910 1121 1948 631
1159 1910 1241 1948 724
1291 1918 1377 1948 xm

36 1970 133 2008 808.
287 1966 370 2008 184
413 1977 706 2008 REPERcusso
751 1976 959 2008 sussmcrr
1001 1975 1226 2007 VERBERE.
1288 1968 1377 2006 dedi

35 2030 81 2066 ut
106 2027 353 2077 probabilius
379 2028 480 2066 aliis.
530 2029 685 2067 subiecit
708 2028 837 2066 inhcre
861 2038 949 2066 cum
980 2039 1121 2065 rasura
1151 2028 1376 2076 postremae

36 2087 215 2136 syllabae
246 2086 304 2136 M,
335 2088 377 2125 in
408 2098 513 2136 aere,
546 2087 593 2125 ab
626 2097 728 2136 aere,
759 2087 802 2124 in
833 2097 927 2125 aera
957 2086 1200 2135 interpolati.

35 2141 122 2184 225
166 2145 397 2184 INGLUVIE
443 2152 672 2184 sommus.
728 2145 956 2193 Inluyabris
985 2146 1136 2184 sceleris
1166 2144 1218 2182 M.
1273 2144 1375 2182 Illu-

35 2204 167 2252 qubris
202 2205 353 2243 sceleris
390 2203 434 2241 E.
485 2204 754 2253 transpositae
791 2204 1043 2253 potissimum
1076 2203 1177 2241 duae
1215 2202 1376 2241 litterae

35 2262 158 2301 fuisse
188 2263 384 2302 videntur.
447 2273 492 2301 ac
522 2262 771 2312 praestiterit
801 2262 984 2302 fortassis
1016 2262 1269 2301 INGLUVIES
1302 2272 1376 2299 sce-

34 2320 143 2372 teris,
179 2323 226 2360 ut
256 2323 318 2361 est
350 2329 398 2360 XI
422 2322 503 2360 206
529 2321 723 2370 perfidiae
753 2322 964 2372 cumulum,
996 2321 1176 2369 periuria
1206 2328 1286 2358 XIV
1308 2320 1375 2357 52.
