1527 2580
594 128 627 164 X
641 155 650 174 ,
675 132 861 165 434-506
874 157 881 165 .
1039 143 1178 164 »tynam
1321 129 1405 172 209

96 245 166 278 470
187 238 344 278 Semina
375 238 453 278 sert
482 244 596 278 utero
615 270 626 291 ,
658 246 925 291 conceptaque
958 240 1120 279 crimina
1152 246 1309 291 portat.

184 297 348 337 Postera
379 309 456 336 nox
487 297 638 337 facinus
670 300 868 349 geminat.
906 310 978 338 nec
1010 299 1098 337 finis
1129 300 1168 337 in
1201 297 1265 337 illa
1297 304 1383 348 est;

185 355 284 396 Cum
315 356 471 396 tandem
504 355 694 409 Cinyras,
725 357 860 396 avidus
893 369 1129 408 cognoscere
1162 363 1354 396 amantem

183 414 279 454 Post
309 421 368 454 tot
398 414 631 454 concubitus
651 447 662 467 ,
693 415 797 454 illato
829 415 976 455 lumine
1008 415 1104 454 vidit

184 472 235 512 Et
265 473 395 513 scelus
427 479 467 513 et
498 480 656 513 natam:
687 473 895 525 verbisque
928 474 1061 513 dolore
1094 475 1258 514 retentis

96 539 164 570 475
183 531 376 572 Pendenti
407 531 575 572 nitidum
607 534 742 584 vagina
774 532 908 585 diripit
940 544 1096 572 ensem.

183 590 339 642 Myrrha
371 591 499 643 fugit,
531 591 784 643 tenebrisque
817 598 857 631 et
888 603 1026 631 caecae
1058 603 1221 631 munere
1254 592 1379 630 noctis

184 649 406 702 Intercepta
437 651 526 689 neci
557 656 646 689 est:
677 649 855 701 latosque
887 656 1019 702 vagata
1050 663 1121 703 per
1154 661 1268 701 agros

183 707 414 748 palmiferos
445 708 592 748 Arabas
624 708 905 760 Panchaeaque
938 721 1030 748 rura
1063 709 1278 760 relinquit.

183 766 339 818 Perque
370 779 511 807 novem
543 769 688 806 erravit
718 768 921 807 redeuntis
953 779 1100 807 cornua
1131 767 1245 807 lunae
1265 798 1276 819 ,

95 831 164 864 480
185 824 283 864 Cum
314 825 470 865 tandem
504 832 609 865 terra
640 828 834 877 requievit
864 827 966 865 fessa
999 825 1145 865 Sabaea
1164 858 1175 879 ‚

185 883 335 935 Vixque
366 886 471 924 uteri
501 884 683 936 portabat
713 896 841 924 onus.
880 891 964 924 tum
996 887 1127 924 nescia
1157 886 1236 924 voti

183 943 311 993 Atque
342 943 446 982 inter
478 945 694 994 mortisque
727 949 856 983 metus
888 949 928 982 et
958 943 1084 982 taedia
1116 945 1216 982 vitae

183 999 255 1040 Est
285 1000 383 1040 tales
415 1001 617 1053 complexa
647 1013 817 1053 preces:
849 998 904 1040 “o
936 1003 1047 1053 siqua
1077 1003 1218 1054 patetis

183 1058 352 1113 Numina
383 1060 604 1113 confessis,
636 1062 764 1100 merui
796 1072 869 1100 nec
900 1061 1013 1100 triste
1046 1072 1187 1100 recuso

96 1125 164 1157 485
186 1115 459 1169 Supplicium.
498 1118 568 1158 sed
600 1130 648 1158 ne
680 1119 822 1158 violem
853 1119 1040 1170 vivosque
1072 1124 1275 1171 superstes

183 1176 416 1229 Mortuaque
449 1179 673 1229 extinctos,
705 1177 895 1216 ambobus
926 1177 1058 1228 pellite
1091 1178 1253 1229 regnis,

184 1234 435 1286 Mutataeque
467 1235 563 1274 mihi
593 1237 789 1287 vitamque
821 1247 1039 1287 necemque
1070 1242 1209 1287 negate
1231 1230 1272 1274 .”

183 1292 339 1333 Numen
371 1293 562 1333 confessis
593 1294 750 1345 aliquod
781 1299 916 1345 patet.
954 1294 1090 1333 ultima
1122 1299 1230 1333 certe

194 1351 281 1391 ''ota
311 1363 405 1392 suos
436 1351 610 1392 habuere
642 1352 767 1392 deos:
804 1364 893 1391 nam
926 1364 1042 1391 crura
1073 1353 1271 1404 loquentis

96 1418 164 1451 490
184 1409 309 1450 Terra
340 1413 597 1463 supervenit,
634 1417 852 1463 ruptosque
883 1410 1039 1462 obliqua
1070 1423 1142 1463 per
1173 1422 1326 1462 ungues

183 1469 407 1521 Porrigitur
438 1469 547 1509 radix
565 1501 576 1522 ,
608 1469 714 1521 longi
744 1470 960 1508 firmamina
992 1471 1153 1522 trunci3

185 1527 362 1579 Ossaque
394 1527 517 1568 robur
548 1534 696 1582 agunt,
728 1528 934 1580 mediaque
966 1534 1149 1568 manente
1180 1527 1349 1567 medulla

186 1586 355 1638 Sanguis
385 1587 418 1626 it
446 1588 488 1626 in
520 1598 636 1626 sucos
654 1618 666 1639 ,
697 1589 738 1626 in
768 1599 930 1639 magnos
961 1586 1143 1627 bracchia
1174 1599 1304 1626 ramos
1322 1618 1334 1638 ,

185 1645 230 1685 In
262 1657 402 1697 parvos
434 1645 575 1698 digiti3
607 1645 772 1685 duratur
804 1647 951 1685 cortice
982 1645 1094 1697 pellis
1114 1677 1123 1685 .

98 1711 166 1744 495
186 1703 346 1755 Iamque
377 1715 536 1756 gravem
561 1716 746 1744 crescens
771 1711 931 1744 uterum
955 1706 1243 1756 perstrinxerat
1273 1702 1414 1757 arbor,

185 1762 431 1814 Pectoraque
464 1762 679 1815 obruerat,
712 1762 933 1814 collumque
966 1764 1121 1814 operire
1153 1761 1343 1814 parabat:

186 1821 274 1861 Non
306 1821 397 1861 tulit
426 1821 490 1860 illa
522 1833 671 1860 moram
689 1853 701 1873 ‚
731 1822 981 1872 venientique
1014 1821 1125 1860 obvia
1157 1821 1260 1873 ligno

188 1879 404 1933 Subsedit,
435 1881 651 1932 mersitque
683 1892 776 1920 suos
807 1881 848 1920 in
880 1881 1027 1919 cortice
1059 1879 1218 1919 vultus.
1305 1889 1325 1916 t.
1345 1888 1412 1915 ouv-

189 1939 297 1985 Quae
329 1950 564 1991 quamquam
596 1940 725 1978 amisit
755 1944 909 1978 veteres
941 1951 1031 1978 cum
1058 1950 1223 1990 corpore
1250 1950 1416 1993 sensus,

101 2004 169 2038 500
188 1997 274 2036 Flet
304 2003 465 2051 tamen,
497 2003 538 2037 et
567 1998 720 2050 tepidae
752 2003 910 2037 manant
941 2009 989 2036 ex
1021 1996 1161 2036 arbore
1192 2003 1325 2049 guttae
1345 2029 1354 2037 .

188 2055 260 2095 Est
289 2055 416 2096 honor
448 2068 469 2095 e
500 2056 701 2106 lacrimis;
733 2056 953 2107 stillataque
985 2057 1132 2096 cortice
1163 2067 1298 2096 murra

188 2114 340 2154 Nomen
372 2113 468 2154 erile
500 2120 609 2154 tenet
639 2115 815 2166 nullique
848 2114 1042 2155 tacebitur
1073 2125 1166 2154 aevo
1188 2146 1197 2155 .

247 2173 298 2212 At
327 2173 426 2212 male
459 2179 673 2226 conceptus
705 2174 778 2213 sub
810 2173 953 2213 robore
985 2179 1163 2214 creverat
1192 2174 1321 2214 infans
1339 2206 1351 2226 ,

189 2231 489 2283 Quaerebatque
521 2234 621 2271 viam
639 2264 651 2285 ‚
683 2244 758 2284 qua
791 2245 832 2272 se
864 2234 1062 2284 genetrice
1094 2232 1230 2273 relicta

101 2297 169 2331 505
188 2289 402 2330 Exsereret
420 2321 429 2330 .
467 2290 594 2330 media
625 2290 808 2343 gravidus
839 2296 965 2331 tumet
995 2291 1135 2332 arbore
1167 2297 1334 2332 venter:

188 2348 332 2389 Tendit
350 2361 451 2390 onus
470 2355 658 2390 matrem.
691 2362 819 2403 neque
844 2349 990 2391 habent
1008 2363 1079 2391 sua
1098 2350 1216 2390 verba
1236 2349 1391 2391 dolores
1401 2382 1414 2404 ,

142 2421 256 2450 ovn).
275 2422 325 2450 11.
1086 2421 1129 2452 14
