1554 2506
115 86 192 127 112
343 98 509 121 ΝιοΒῐῡΑε
660 84 875 120 ΜΕΤΑΜΜ
889 112 896 121 ,

225 196 413 248 Exiguam
445 195 577 235 sedem
610 196 806 246 pariturae
839 200 943 234 terra
977 197 1150 247 negavit.

225 255 304 294 Nec
338 256 442 294 caelo
475 266 547 293 nec
579 253 696 292 humo
724 265 796 292 nec
816 255 926 305 aquis
947 254 1017 292 dea
1038 260 1166 293 vestra
1187 260 1343 307 recepta
1363 261 1442 294 est.

226 314 345 352 Exsul
378 319 461 352 erat
491 311 627 351 mundi
645 343 656 362 ,
688 311 812 351 donec
844 313 1025 352 miserata
1057 319 1258 364 vagantem

140 380 205 412 190
227 370 419 423 “Hospita
451 377 492 410 tu
525 372 642 410 terris
674 383 812 423 erras,
844 368 931 423 ego’
964 371 1060 410 dixit
1092 369 1147 410 ‘in
1178 372 1294 411 undis
1306 368 1349 425 ,'’

225 431 267 470 ln
292 431 527 480 tabilemque
558 429 688 468 locum
722 429 834 469 Delos
867 430 1000 469 dedit.
1037 430 1101 469 illa
1133 430 1301 470 duorum

226 490 254 528 F
303 497 340 528 ta
372 500 543 540 parens:
574 490 679 527 uteri
711 501 800 540 pars
832 488 928 527 haec
961 494 1022 528 est
1052 490 1216 540 septima
1247 491 1393 528 nostri.

226 549 318 586 Sum
354 548 473 587 felix:
505 549 593 598 quis
626 549 730 586 enim
762 554 878 598 neget
910 548 984 587 hoc
1003 545 1025 587 Ῥ
1057 548 1228 599 felixque
1259 547 1447 601 maneh03

226 607 307 645 Hoc
339 618 496 657 quoque
530 607 617 656 quis
650 603 842 645 dubitet?
875 612 996 645 tutam
1029 618 1090 645 me
1124 608 1235 658 copia
1267 607 1382 646 fecit.

139 673 203 705 195
224 666 345 704 Maior
377 677 465 704 sum
484 696 494 716 ‚
526 677 641 716 quam
673 667 737 704 cui
769 667 893 716 possit
924 665 1095 704 Fortuna
1128 677 1294 717 nocere;

224 724 423 774 Multaque
454 730 499 763 ut
530 725 699 775 eripiat,
731 723 855 762 multo
889 723 983 762 mihi
1014 724 1125 775 plura
1157 723 1376 775 relinquet.

226 783 441 821 Excessere
475 788 622 821 metum
653 794 739 821 mea
771 783 847 821 iam
878 781 979 820 bona
1000 813 1008 821 .
1048 783 1180 833 fingite
1211 782 1314 822 demi

224 841 324 880 Huic
357 841 502 892 aliquid
534 841 677 893 populo
711 847 892 880 natorum
924 853 1039 892 posse
1071 853 1273 894 meorum,

224 900 310 939 Non
343 907 472 939 tamen
505 900 551 939 ad
584 912 792 939 numerum
824 900 980 951 redigar
1011 899 1173 951 spoliata
1205 900 1396 952 duorum,

139 967 206 998 200
226 959 397 998 Latonae
430 959 614 998 turbam:
648 971 723 1009 qua
756 964 944 1010 quantum
977 958 1095 998 distat
1125 958 1171 997 ab
1203 957 1333 998 orba?

225 1018 281 1057 Ite
301 1050 313 1070 ‚
344 1019 438 1056 satis
469 1030 541 1069 pro
573 1017 683 1069 prole
717 1019 818 1056 sacri
851 1024 938 1070 est;
971 1017 1203 1068 laurumque
1236 1017 1384 1070 capillis

224 1077 362 1116 Ponite
383 1073 408 1115 .'
447 1077 678 1129 deponunt,
708 1077 931 1127 infectaque
958 1088 1067 1115 sacra
1099 1076 1350 1128 relinquunt,

226 1135 418 1186 Quodque
456 1135 575 1186 licet,
608 1136 724 1173 tacito
764 1140 1001 1173 venerantur
1038 1146 1241 1174 murmure
1279 1147 1448 1176 numen,

226 1195 425 1244 Indignata
459 1194 528 1232 dea
563 1199 650 1246 est,
683 1205 914 1244 summoque
946 1195 987 1232 in
1018 1195 1165 1232 vertice
1198 1192 1339 1245 Cynthi

138 1260 203 1292 205
225 1253 385 1291 Talibus
417 1259 478 1291 est
510 1253 623 1291 dictis
656 1253 810 1303 gemina
842 1264 931 1291 cum
962 1251 1072 1303 prole
1104 1252 1256 1292 locuta:

226 1310 300 1350 ‘En
333 1324 404 1362 ego
436 1317 565 1349 vestra
596 1323 738 1362 parens
757 1343 768 1364 ‚
800 1310 909 1349 vobis
940 1312 1113 1349 animosa
1144 1312 1309 1363 creatis,

226 1371 303 1422 Et,
335 1371 410 1408 nisi
442 1369 582 1408 Iunoni
601 1401 612 1422 ‚
644 1369 741 1408 nulli
773 1365 932 1409 cessura
964 1370 1149 1422 dearum,

224 1430 282 1468 An
316 1429 385 1467 dea
418 1430 491 1467 sim
510 1460 520 1480 ,
553 1428 711 1467 dubitor
731 1460 739 1468 .
777 1440 927 1480 perque
959 1430 1087 1467 omnia
1119 1428 1273 1467 saecula
1305 1429 1420 1468 cult1s

227 1490 374 1526 Arceor
393 1519 404 1539 ,
436 1500 458 1525 o
490 1489 602 1539 nati,
634 1488 709 1525 nisi
741 1499 809 1526 vos
842 1489 1074 1526 succurritis
1093 1519 1104 1539 ,
1136 1488 1236 1526 aris.

137 1554 205 1586 210
224 1546 306 1585 Nec
337 1546 448 1584 dolor
480 1546 544 1584 hic
576 1545 712 1585 solus:
744 1545 829 1584 diro
862 1547 1035 1585 convicia
1067 1546 1167 1585 facto

225 1605 399 1643 Tantalis
430 1604 601 1656 adiecit,
632 1616 779 1655 vosque
812 1611 872 1644 est
903 1611 1139 1656 postponere
1172 1606 1272 1644 natis

226 1665 328 1703 Ausa
359 1665 441 1703 suis
459 1695 471 1716 ,
503 1669 543 1702 et
573 1675 634 1702 me
654 1695 665 1716 ‚
697 1663 800 1714 quod
832 1665 873 1702 in
904 1665 1028 1714 ipsam
1059 1664 1260 1716 reccidat,
1293 1663 1425 1703 orbam

226 1723 358 1774 Dixit,
390 1730 429 1761 et
461 1721 637 1761 exhibuit
667 1722 838 1773 linguam
872 1722 1059 1761 scelerata
1090 1729 1291 1774 paternam
1308 1719 1333 1762 .'

226 1783 435 1820 Adiectura
467 1793 605 1832 preces
639 1787 723 1819 erat
754 1781 814 1819 his
846 1779 990 1820 Latona
1024 1781 1180 1821 relatis:

138 1848 205 1879 215
228 1839 382 1879 *Desine
398 1837 422 1879 1'
442 1839 625 1878 Phoebus
646 1840 700 1878 ait
719 1836 882 1891 ‘poenae
902 1852 1009 1879 mora
1030 1840 1142 1891 longa
1164 1840 1334 1891 querella
1357 1836 1450 1880 est!
1478 1876 1480 1878 ,

225 1899 329 1937 Dixit
359 1899 461 1937 idem
493 1898 651 1937 Phoebe
671 1929 680 1937 .
719 1898 915 1949 celerique
947 1902 1137 1949 per‘aera
1170 1898 1278 1950 lapsu

227 1957 481 2008 Contigerant
511 1959 605 1996 tecti
639 1956 844 1996 Cadmeida
876 1957 1047 1996 nubibus
1080 1969 1234 1996 arcem.

226 2015 371 2054 Planus
404 2022 487 2054 erat
513 2016 668 2067 lateque
699 2021 837 2067 patens
869 2028 992 2068 prope
1024 2018 1176 2055 moenia
1209 2028 1392 2070 campuS,

227 2075 403 2113 Assiduis
435 2075 613 2125 pulsatus
646 2077 786 2127 equis,
817 2074 885 2114 ubi
919 2074 1033 2113 turba
1065 2081 1240 2114 rotarum

139 2140 208 2173 220
229 2133 411 2184 Duraque
444 2134 637 2172 mollierat
669 2133 864 2173 subiectas
896 2134 1040 2185 ungula
1072 2133 1250 2185 glaeba-s.

227 2191 322 2230 Pars
354 2191 407 2230 ihi
439 2191 487 2230 de
520 2199 667 2243 septem
701 2194 842 2243 genitis
874 2193 1091 2243 Amphione
1124 2193 1246 2232 sortes

229 2249 508 2289 Conscendunt
538 2252 577 2288 in
611 2263 732 2301 equos
752 2283 764 2304 ‚
795 2251 993 2303 Tyrioque
1024 2250 1206 2291 rubentia
1239 2263 1333 2291 suco

228 2308 352 2359 Terga
385 2314 597 2361 premunt,
631 2321 805 2361 auroque
826 2322 961 2362 graves
982 2310 1238 2350 moderantur
1256 2309 1449 2349 habenas.
