1518 2501
121 63 182 98 XL

121 172 258 222 veniri,
289 173 352 210 vel
389 171 485 209 adeo
517 171 549 209 E
582 169 749 207 admitti.
886 164 973 207 244
1004 175 1183 207 PROCUL
1215 174 1318 216 EST,
1349 174 1455 205 mm

121 239 290 280 CREDE‚
330 237 540 269 VIDENDA
576 228 750 266 INSULA
787 233 892 266 VISA
932 234 1051 265 MIHI.
1104 226 1243 273 procul
1281 226 1369 264 hinc
1406 237 1456 263 m.

120 302 171 329 cr.
203 289 366 328 videnda
395 288 535 326 Insula
565 286 622 335 M3
659 286 745 324 hinc
774 297 823 323 m.
856 296 908 324 cr.
939 285 1144 323 videndum
1179 284 1262 323 Ins.
1292 283 1338 322 E.
1399 294 1458 322 se-

119 350 234 386 cutus
267 360 352 386 sum
385 346 481 384 alios
509 344 664 382 Heinsii
693 343 829 382 libros.
882 355 961 382 non
992 346 1089 392 erat,
1120 354 1189 380 cur
1219 343 1308 382 hinc
1335 341 1458 391 potis-

121 407 263 444 simum
295 404 464 444 Circeios
501 403 716 452 spectaret,
753 402 816 441 eui
853 414 877 440 a
908 401 1045 440 Caieta
1081 413 1239 439 cursum
1277 411 1458 450 persecu·

121 467 209 503 turo
246 464 349 502 istuc
384 460 766 512 praetervehendum
807 460 899 498 fuit:
950 461 1047 498 satis
1092 462 1194 509 erat,
1244 459 1279 498 si
1320 458 1458 508 procul

120 523 314 561 absistere
344 521 559 569 iuberetur,
589 520 726 567 videre,
757 531 834 557 non
858 521 970 558 etiam
995 519 1132 557 sentire
1155 519 1242 565 fera
1266 517 1382 567 facia,
1412 519 1460 555 ut

119 582 182 619 est
212 588 264 618 111
285 581 366 618 247
376 594 386 629 3
418 578 521 628 quod
551 578 598 615 fit
628 577 839 616 efficaciter
870 579 961 626 post
983 577 1124 625 procul
1153 576 1322 625 inserto,
1355 575 1460 624 quod

120 640 257 677 abesse
293 650 372 676 non
407 637 551 686 potest,
581 636 713 675 verbo.
863 632 948 674 250
980 642 1261 674 NEGABAMUS
1295 642 1459 673 SED—.

119 698 350 745 neyabamus
391 696 453 734 uel
495 695 547 732 M.
608 696 841 742 neyabamus
884 694 920 731 et
961 694 1006 731 E.
1067 694 1235 742 uterque
1282 693 1461 732 veterem

121 756 357 804 scripturam
386 756 441 793 set
470 755 696 802 corruptam
729 753 894 802 accepit;
933 752 1000 790 sed
1031 751 1073 789 M
1104 763 1204 800 quae
1234 752 1363 790 metro
1394 751 1460 788 ad-

120 815 346 863 versantur,
387 813 588 861 immutat,
631 813 677 848 ut
713 819 729 848 1
757 812 851 850 114.
904 810 1264 859 interpunctionem
1304 809 1460 848 novavi.

237 868 322 910 252
353 878 620 916 NIMIUMQUE
653 877 900 908 ELPENORA
931 876 1056 907 VINO.
1105 869 1164 906 ita
1193 868 1278 907 fere
1302 867 1355 906 Μ.
1403 869 1462 906 ni·

118 933 310 977 miumque
343 930 470 967 bonus
503 941 606 966 unus
637 928 739 966 liber
769 927 939 966 Heinsii:
977 927 1121 977 reliqui
1151 938 1241 965 cum
1270 926 1304 964 E
1334 927 1461 965 nimii-

121 1001 190 1037 que
209 990 276 1037 elp.
295 989 391 1037 uini,
423 988 625 1025 sollertem
650 986 1007 1035 interpolationem,
1038 988 1084 1023 ut
1114 994 1145 1024 v
1165 986 1262 1024 267.
1299 986 1463 1023 nimium

119 1060 220 1086 mero
240 1047 431 1094 Hylaeum
451 1046 544 1083 Hor.
565 1044 605 1083 C.
626 1053 660 1082 ΙΙ
683 1046 733 1082 12
757 1045 793 1082 5.
903 1041 989 1082 334
1019 1044 1219 1082 DICITUR
1250 1050 1460 1083 INNOCUO

121 1112 369 1144 PEPERISSE
400 1111 594 1142 vnmmA
625 1110 749 1141 IANO.
803 1103 890 1140 Dic.
922 1103 1047 1141 hionio
1077 1102 1130 1142 M.
1160 1103 1262 1140 ionio
1293 1103 1363 1140 aut
1393 1113 1462 1140 an-

120 1166 224 1212 cipiti
254 1174 397 1213 magno
423 1162 622 1211 utrimque
647 1173 808 1199 numero
835 1160 944 1199 codd.
963 1161 1117 1210 reliqui,
1143 1161 1315 1198 alterum
1333 1160 1462 1199 erudi-

119 1224 185 1260 tae
229 1220 522 1270 superstitionis
566 1220 862 1269 argumentum,
912 1219 1083 1258 alterum
1124 1219 1299 1257 nefariae
1341 1219 1462 1257 inter-

121 1281 344 1330 polationis.
387 1278 661 1317 memorabiles
694 1279 786 1315 sunt
815 1289 945 1327 nugae
977 1277 1024 1316 de
1049 1277 1144 1315 Iano
1174 1290 1195 1316 e
1220 1277 1464 1316 Perrhaebia

122 1341 162 1377 in
191 1339 350 1377 Italiam
387 1338 517 1376 delato
555 1336 660 1385 apud
690 1336 941 1374 Athenaeum
971 1349 1008 1385 p.
1030 1337 1110 1374 692
1129 1336 1171 1386 d,
1212 1347 1309 1385 quas
1347 1337 1462 1374 notas

123 1398 307 1435 habuisse
332 1396 537 1446 Hyginum
555 1394 778 1433 Macrobius
807 1394 887 1433 Sat.
908 1403 924 1432 1
946 1397 968 1433 7
1001 1394 1160 1434 videtur
1191 1394 1343 1433 testari.
1393 1393 1463 1433 sed

122 1468 193 1494 nec
218 1455 432 1505 Hyginum,
462 1454 523 1492 cui
550 1452 712 1492 Ovidius
740 1453 860 1491 Trist.
880 1461 933 1491 111
956 1454 1009 1491 14
1036 1455 1088 1492 19
1121 1453 1462 1502 Metamorphoses

123 1515 194 1552 has
227 1512 488 1562 commendat,
527 1512 636 1550 cuius
667 1512 893 1550 interventu
925 1512 1129 1561 suppletas
1161 1511 1306 1562 prima,
1345 1524 1464 1562 quam

122 1572 353 1622 dignoscere
390 1571 487 1608 mihi
523 1570 676 1620 videor,
712 1570 1016 1619 interpolatione
1052 1570 1295 1620 putaverim,
1333 1581 1358 1608 a
1393 1570 1463 1608 flu-

122 1631 238 1669 minis
269 1626 431 1679 Ἴωνοε,
476 1629 543 1678 qui
578 1628 683 1678 apud
715 1628 949 1666 Strabonem
991 1630 1053 1667 est
1095 1642 1132 1678 p.
1165 1630 1262 1678 327,
1305 1629 1463 1667 nomine

122 1690 278 1727 Ionium
308 1688 454 1727 Ianum
489 1687 759 1726 introductum
793 1687 1057 1736 probaturum
1085 1687 1228 1737 fuisse,
1264 1687 1356 1725 inde
1385 1686 1464 1725 Ar-

123 1748 225 1785 rium
268 1746 439 1796 aliquem
482 1745 750 1784 Catullianum
793 1747 863 1784 aut
905 1745 1074 1784 scribam
1111 1746 1154 1784 M
1192 1757 1301 1785 more
1344 1745 1463 1784 solito

125 1805 278 1843 dedisse
315 1805 519 1854 Hionium,
563 1803 632 1842 sed
674 1805 850 1842 erratum
893 1804 970 1843 alio
1013 1803 1128 1842 modo
1165 1804 1207 1842 in
1243 1804 1465 1855 scripturae

123 1875 285 1912 genere,
330 1862 432 1912 quod
468 1870 484 1900 i
520 1862 697 1900 litteram
732 1874 812 1900 non
847 1862 1117 1912 punctorsed
1153 1863 1279 1912 apice,
1319 1862 1466 1901 lineola

124 1922 328 1970 inclinata,
379 1921 612 1970 signaverit,
661 1921 759 1958 mihi
808 1921 999 1969 persuasi.
1067 1921 1172 1970 apud
1219 1920 1466 1960 Priscianum

124 1980 191 2018 lib.
211 1988 260 2017 lx
290 1993 327 2028 p.
347 1980 443 2025 482,
471 1981 524 2018 20
555 1980 596 2017 'm
614 1991 732 2018 versu
753 1978 944 2018 Ovidiano
975 1979 1151 2027 Izioplzino
1179 1982 1312 2028 captus
1336 1989 1468 2019 amore

125 2037 255 2076 scriba
297 2037 564 2086 Sangallensis
610 2037 719 2076 dedit
767 2050 838 2088 pro
882 2039 1059 2086 inopium·
1106 2038 1181 2076 hoc
1228 2038 1315 2088 ipso
1363 2037 1466 2076 libro

124 2109 161 2135 v.
183 2097 264 2135 609
297 2097 503 2134 ’ἰπνιοῃιὶηἱε
533 2109 604 2145 pro
637 2097 840 2135 binominis
862 2097 991 2135 scriba
1009 2096 1061 2135 M.
1110 2096 1246 2146 itaque
1270 2096 1345 2135 hoc
1368 2096 1467 2146 loco,

124 2154 159 2193 si
207 2154 382 2204 repperit
423 2152 575 2204 ihocuo,
619 2155 771 2203 apicem
812 2155 960 2194 huncce
1003 2154 1236 2193 attribuisse
1278 2154 1468 2193 credibile

124 2224 328 2262 dimidiato
361 2223 528 2262 secundo
561 2224 771 2275 elemento,
801 2227 848 2263 ut
878 2227 985 2264 esset
1014 2210 1051 2275 ἶ,-
1070 2225 1112 2263 in
1138 2224 1350 2274 postremis
1375 2209 1468 2263 (ἧι-ο

126 2282 252 2321 denuo
286 2282 404 2320 simili
441 2282 554 2321 modo
587 2294 759 2335 errasse,
797 2294 841 2322 ac
872 2284 1042 2323 vidimus
1073 2291 1124 2322 XI
1145 2284 1228 2322 366
1261 2283 1303 2322 in
1331 2284 1468 2334 mucis,
