1538 2496
102 127 187 170 288
309 140 532 162 POLYPREML‘S
653 125 866 160 METAMM
881 153 888 160 .

131 246 198 279 205
221 238 427 290 Temporis
458 237 590 288 illius,
624 247 701 287 quo
734 235 812 274 vidi
843 234 933 274 bina
964 247 1143 275 meorum

219 297 297 336 Ter
329 302 466 347 quater
499 295 617 346 affligi
649 296 846 333 sociorum
878 306 1043 346 corpora
1074 300 1225 334 terrae.

220 355 337 406 [Cum
369 365 489 405 super
519 354 603 405 ipse
635 355 766 392 iacens
798 352 941 392 hirsuti
972 365 1080 392 more
1112 353 1236 392 leonis

219 413 456 464 Visceraque
488 418 528 451 et
560 424 698 451 carnes
730 423 898 463 cumque
931 411 1027 450 albis
1060 423 1148 451 ossa
1179 411 1360 451 medullis

220 471 555 522 Semianimesque
588 475 697 510 artus
730 470 879 509 avidam
911 469 1104 509 condebat
1134 472 1175 509 in
1207 470 1353 510 alvum.

131 539 198 570 210
218 530 278 569 Me
310 536 459 569 tremor
490 530 659 569 invasit.
698 528 848 568 stabam
880 530 964 568 sine
997 530 1186 580 sanguine
1219 535 1413 569 maestus:

217 588 544 639 Mandentemque
576 588 711 627 videns
744 589 1056 639 eiectantemque
1090 593 1272 627 cruentas

219 647 296 687 Ore
330 647 448 699 dapes
467 679 478 699 ,
505 652 544 686 et
576 647 703 686 frusta
734 659 843 686 mero
876 646 1087 698 glomerata
1118 652 1341 686 vomentem
1356 645 1382 697 .]

216 705 323 745 Talia
354 705 548 757 fingebam
579 707 723 745 misero
756 705 852 744 mihi
883 706 960 744 fata
990 706 1142 757 parari.

220 764 392 816 [Perque
425 765 508 804 dies
539 765 682 804 multos
720 763 876 803 latitans
895 795 906 816 ‚
938 775 1174 815 omnemque
1211 765 1442 804 tremiscens

128 830 197 863 215
218 823 274 862 Ad
296 825 505 875 strepitum
525 855 535 875 ‚
561 829 808 875 mortemque
828 824 971 862 timens
985 854 996 875 ‚
1017 823 1261 874 cupidusque
1282 824 1443 874 moriri,

219 882 365 921 Glande
399 883 540 921 famem
571 882 722 934 pellens
753 887 793 921 et
824 883 943 921 mixta
974 881 1180 920 frondibus
1210 881 1355 935 herba,

218 940 363 993 Solus,
395 942 539 994 inops,
571 953 740 993 exspes,
772 940 850 980 leto
882 952 1110 993 poenaeque
1142 940 1303 980 relictus
1316 940 1344 993 ,]

217 999 327 1039 Hanc
357 1000 496 1051 procul
529 1001 662 1051 aspexi
692 999 808 1051 longo
840 1005 931 1051 post
961 1004 1138 1051 tempore
1169 1011 1332 1052 navem,

219 1057 413 1109 Oravique
446 1059 576 1110 fugam
609 1064 721 1110 gestu
740 1090 751 1110 ‚
784 1058 830 1096 ad
862 1058 1034 1109 litusque
1066 1059 1249 1111 cucurri,

127 1123 197 1156 220
217 1116 267 1156 Et
297 1118 429 1156 movi:
462 1117 699 1168 Graiumque
732 1118 828 1156 ratis
860 1117 1028 1155 Troiana
1059 1117 1231 1168 recepit.

218 1175 278 1214 Tu
311 1187 468 1227 quoque
500 1176 626 1227 pande
658 1181 747 1215 tuos
766 1207 777 1228 ,
810 1176 997 1214 comitum
1029 1176 1248 1226 gratissime
1268 1207 1279 1228 ,
1311 1187 1425 1215 casus

216 1233 266 1273 Et
296 1234 408 1273 ducis
440 1240 480 1273 et
510 1234 648 1274 turbae
667 1266 678 1287 ‚
711 1246 810 1285 quae
842 1240 974 1273 tecum
1006 1239 1066 1273 est
1103 1234 1251 1273 credita
1281 1239 1402 1286 ponto
1417 1231 1442 1273 .’

275 1293 423 1332 Aeolon
454 1293 518 1332 ille
551 1294 674 1332 refert
705 1293 834 1332 Tusco
866 1305 1032 1344 regnare
1062 1292 1283 1345 profundo,

217 1351 364 1391 Aeolon
395 1351 642 1404 Hippotaden
661 1383 672 1404 ,
704 1351 953 1391 cohibentem
985 1363 1144 1390 carcere
1176 1357 1336 1391 ventos:

132 1417 202 1450 225
230 1410 335 1456 Quos
367 1409 476 1449 bovis
507 1411 683 1449 inclusos
714 1417 825 1462 tergo
843 1442 855 1462 ‚
886 1409 1138 1449 memorabile
1169 1422 1337 1463 munus,

217 1468 440 1508 Dulichium
473 1470 687 1520 sumpsisse
721 1469 889 1508 ducem.
928 1469 1100 1520 flatuque
1133 1469 1306 1508 secundo

216 1527 389 1567 Lucibus
420 1529 498 1566 isse
530 1540 669 1566 novem
702 1533 741 1566 et
772 1533 919 1566 terram
950 1529 1148 1579 aspexIsse
1179 1529 1365 1579 petitam:

216 1585 398 1625 Proxima
428 1592 519 1638 post
548 1598 691 1625 nonam
724 1598 813 1625 cum
845 1598 932 1625 sese
965 1598 1106 1624 aurora
1138 1592 1335 1640 moveret,

218 1644 365 1684 Invidia
396 1646 524 1684 socios
555 1645 801 1697 praedaeque
835 1645 1016 1696 cupidine
1048 1646 1171 1683 victos

129 1711 198 1744 230
217 1703 315 1743 Esse
347 1709 453 1743 ratos
486 1716 625 1743 aurum
643 1735 654 1757 ‚
686 1704 902 1755 dempsisse
933 1703 1113 1755 ligamina
1144 1705 1294 1756 ventis3

219 1762 316 1802 Cum
337 1762 479 1814 quibus
499 1764 577 1802 isse
598 1769 705 1802 retro
725 1795 736 1815 ‚
767 1774 838 1814 per
858 1774 954 1814 quas
974 1762 1088 1801 modo
1109 1769 1270 1802 venerat
1294 1762 1417 1803 undas

217 1821 418 1872 Aeoliique
450 1827 575 1861 ratem
606 1826 744 1873 portus
776 1822 968 1873 repetisse
996 1822 1176 1873 ffianni.

218 1877 326 1919 ‘Inde
359 1880 467 1919 Lami
497 1886 672 1920 veterem
703 1876 993 1932 Laestrygonis'
1025 1881 1154 1931 inquit
1185 1877 1241 1919 ‘in
1272 1879 1411 1919 urbem

217 1937 431 1978 Venimus.
470 1939 699 1990 Antiphates
731 1945 837 1978 terra
870 1938 1057 1990 regnabat
1088 1940 1126 1977 in
1159 1938 1245 1978 illa.

129 2003 196 2036 235
217 1996 359 2036 Missus
385 1997 432 2036 ad
457 1997 562 2037 hunc
588 2010 660 2049 ego
687 2010 802 2050 sum,
829 2009 992 2036 numero
1019 1999 1227 2036 eomitante
1249 1997 1439 2051 duorum3

217 2054 366 2106 Vixque
399 2057 487 2108 fuga
521 2058 695 2108 quaesita
728 2056 830 2095 salus
864 2058 1074 2107 comitique
1108 2056 1310 2109 mihique,

218 2113 376 2152 Tertius
409 2127 430 2153 e
462 2115 574 2154 nobis
607 2115 881 2166 Laestrygonis
913 2117 1030 2166 impia
1062 2116 1176 2154 tinxit

219 2171 297 2210 Ora
330 2184 472 2212 cruore
505 2186 605 2213 suo.
645 2173 886 2225 fugientibus
918 2175 1036 2213 instat
1067 2180 1107 2213 et
1138 2186 1275 2225 agmen

220 2230 398 2270 Concitat
429 2232 686 2283 Antiphates.
727 2236 870 2272 coeunt
902 2238 941 2272 et
972 2245 1061 2271 saxa
1091 2232 1303 2284 trabesque

131 2297 199 2329 240
221 2288 429 2328 Coniciunt
446 2321 471 2345 ›.
489 2296 750 2342 merguntque
781 2292 915 2344 viros,
947 2298 1208 2342 merguntque
1241 2292 1412 2338 carinas,

218 2347 302 2387 Una
334 2354 494 2401 tamen,
526 2361 624 2400 quae
658 2362 728 2389 nos
760 2352 967 2402 ipsumque
1000 2349 1164 2389 vehebat
1194 2349 1356 2399 Ulixen,

1429 1795 1443 1816 7
