<?xml version="1.0" encoding="UTF-8"?>
<!DOCTYPE html PUBLIC "-//W3C//DTD XHTML 1.0 Transitional//EN"
    "http://www.w3.org/TR/xhtml1/DTD/xhtml1-transitional.dtd">
<html xmlns="http://www.w3.org/1999/xhtml" xml:lang="en" lang="en">
 <head>
  <title>
</title>
<meta http-equiv="Content-Type" content="text/html;charset=utf-8" />
  <meta name='ocr-system' content='tesseract 3.04.00' />
  <meta name='ocr-capabilities' content='ocr_page ocr_carea ocr_par ocr_line ocrx_word'/>
</head>
<body>
  <div class='ocr_page' id='page_1' title='image "./ovidopera02oviduoft_0202.png"; bbox 0 0 1554 2506; ppageno 0'>
   <div class='ocr_carea' id='block_1_1' title="bbox 160 112 945 156">
    <p class='ocr_par' dir='ltr' id='par_1_1' title="bbox 160 112 945 156">
     <span class='ocr_line' id='line_1_1' title="bbox 160 112 945 156; baseline -0.004 -7"><span class='ocrx_word' id='word_1_1' title='bbox 160 115 239 156; x_wconf 76' lang='lat'><strong>150</strong></span> <span class='ocrx_word' id='word_1_2' title='bbox 429 127 532 149; x_wconf 72' lang='lat' dir='ltr'><strong>anuos</strong></span> <span class='ocrx_word' id='word_1_3' title='bbox 709 112 923 146; x_wconf 82' lang='lat' dir='ltr'><strong>METAMM</strong></span> <span class='ocrx_word' id='word_1_4' title='bbox 937 138 945 147; x_wconf 91' lang='lat'><strong>.</strong></span> 
     </span>
    </p>
   </div>
   <div class='ocr_carea' id='block_1_2' title="bbox 182 220 1492 980">
    <p class='ocr_par' dir='ltr' id='par_1_2' title="bbox 182 220 1492 980">
     <span class='ocr_line' id='line_1_2' title="bbox 271 220 1415 275; baseline -0.001 -12"><span class='ocrx_word' id='word_1_5' title='bbox 271 224 347 263; x_wconf 90' lang='lat' dir='ltr'><strong>Per</strong></span> <span class='ocrx_word' id='word_1_6' title='bbox 380 223 505 275; x_wconf 88' lang='lat' dir='ltr'><strong>siquid</strong></span> <span class='ocrx_word' id='word_1_7' title='bbox 540 223 666 261; x_wconf 89' lang='lat' dir='ltr'><strong>merui</strong></span> <span class='ocrx_word' id='word_1_8' title='bbox 699 221 746 260; x_wconf 89' lang='lat' dir='ltr'><strong>de</strong></span> <span class='ocrx_word' id='word_1_9' title='bbox 778 227 816 260; x_wconf 87' lang='lat' dir='ltr'><strong>te</strong></span> <span class='ocrx_word' id='word_1_10' title='bbox 848 220 948 261; x_wconf 87' lang='lat' dir='ltr'><strong>bene</strong></span> <span class='ocrx_word' id='word_1_11' title='bbox 968 254 979 274; x_wconf 88' lang='lat'><em>‚</em></span> <span class='ocrx_word' id='word_1_12' title='bbox 1010 234 1159 274; x_wconf 82' lang='lat' dir='ltr'><strong>perque</strong></span> <span class='ocrx_word' id='word_1_13' title='bbox 1192 228 1415 263; x_wconf 85' lang='lat' dir='ltr'><strong>manentem</strong></span> 
     </span>
     <span class='ocr_line' id='line_1_3' title="bbox 183 280 1414 334; baseline -0.002 -12"><span class='ocrx_word' id='word_1_14' title='bbox 183 292 247 322; x_wconf 83' lang='lat'><strong>855</strong></span> <span class='ocrx_word' id='word_1_15' title='bbox 270 283 381 322; x_wconf 88' lang='lat' dir='ltr'><strong>Nunc</strong></span> <span class='ocrx_word' id='word_1_16' title='bbox 414 294 569 332; x_wconf 84' lang='lat' dir='ltr'><strong>quoque</strong></span> <span class='ocrx_word' id='word_1_17' title='bbox 588 313 599 333; x_wconf 84' lang='lat'><em>‚</em></span> <span class='ocrx_word' id='word_1_18' title='bbox 631 293 720 319; x_wconf 89' lang='lat' dir='ltr'><strong>cum</strong></span> <span class='ocrx_word' id='word_1_19' title='bbox 752 292 900 333; x_wconf 81' lang='lat' dir='ltr'><strong>percO,</strong></span> <span class='ocrx_word' id='word_1_20' title='bbox 934 292 1090 319; x_wconf 90' lang='lat' dir='ltr'><strong>causam</strong></span> <span class='ocrx_word' id='word_1_21' title='bbox 1121 280 1216 320; x_wconf 87' lang='lat' dir='ltr'><strong>mihi</strong></span> <span class='ocrx_word' id='word_1_22' title='bbox 1248 282 1414 334; x_wconf 89' lang='lat' dir='ltr'><strong>mortis,</strong></span> 
     </span>
     <span class='ocr_line' id='line_1_4' title="bbox 1293 352 1491 392; baseline -0.005 -13"><span class='ocrx_word' id='word_1_23' title='bbox 1293 352 1491 392; x_wconf 84' lang='lat' dir='ltr'><strong>amorem,</strong></span> 
     </span>
     <span class='ocr_line' id='line_1_5' title="bbox 270 394 1345 449; baseline -0.002 -10"><span class='ocrx_word' id='word_1_24' title='bbox 270 401 324 439; x_wconf 86' lang='lat' dir='ltr'><strong>Ne</strong></span> <span class='ocrx_word' id='word_1_25' title='bbox 358 399 533 438; x_wconf 83' lang='lat' dir='ltr'>thalamis</span> <span class='ocrx_word' id='word_1_26' title='bbox 565 398 708 436; x_wconf 86' lang='lat' dir='ltr'>Auram</span> <span class='ocrx_word' id='word_1_27' title='bbox 739 399 887 449; x_wconf 85' lang='lat' dir='ltr'><strong>patiare</strong></span> <span class='ocrx_word' id='word_1_28' title='bbox 918 397 1110 437; x_wconf 81' lang='lat' dir='ltr'><strong>innubere</strong></span> <span class='ocrx_word' id='word_1_29' title='bbox 1143 399 1290 437; x_wconf 89' lang='lat' dir='ltr'><strong>nostris</strong></span> <span class='ocrx_word' id='word_1_30' title='bbox 1304 394 1345 437; x_wconf 88' lang='lat'><strong>.&#39;&#39;</strong></span> 
     </span>
     <span class='ocr_line' id='line_1_6' title="bbox 267 457 1322 555; baseline -0.001 -58"><span class='ocrx_word' id='word_1_31' title='bbox 267 459 399 555; x_wconf 58' lang='lat' dir='ltr'><strong>Zixit.</strong></span> <span class='ocrx_word' id='word_1_32' title='bbox 440 463 478 496; x_wconf 93' lang='lat' dir='ltr'><strong>et</strong></span> <span class='ocrx_word' id='word_1_33' title='bbox 509 468 686 495; x_wconf 81' lang='lat' dir='ltr'><strong>errorem</strong></span> <span class='ocrx_word' id='word_1_34' title='bbox 717 462 799 496; x_wconf 91' lang='lat' dir='ltr'><strong>tum</strong></span> <span class='ocrx_word' id='word_1_35' title='bbox 832 457 1001 507; x_wconf 90' lang='lat' dir='ltr'><strong>denique</strong></span> <span class='ocrx_word' id='word_1_36' title='bbox 1034 457 1203 495; x_wconf 87' lang='lat' dir='ltr'><strong>nominis</strong></span> <span class='ocrx_word' id='word_1_37' title='bbox 1235 468 1322 496; x_wconf 87' lang='lat' dir='ltr'><strong>esse</strong></span> 
     </span>
     <span class='ocr_line' id='line_1_7' title="bbox 305 512 1397 568; baseline 0 -14"><span class='ocrx_word' id='word_1_38' title='bbox 305 524 318 555; x_wconf 90' lang='lat' dir='ltr'><strong>t</strong></span> <span class='ocrx_word' id='word_1_39' title='bbox 350 517 483 568; x_wconf 88' lang='lat' dir='ltr'><strong>sensi,</strong></span> <span class='ocrx_word' id='word_1_40' title='bbox 504 521 556 554; x_wconf 50' lang='lat' dir='ltr'><strong>‘et</strong></span> <span class='ocrx_word' id='word_1_41' title='bbox 586 515 729 554; x_wconf 92' lang='lat' dir='ltr'><strong>docui.</strong></span> <span class='ocrx_word' id='word_1_42' title='bbox 769 515 836 553; x_wconf 90' lang='lat' dir='ltr'><strong>sed</strong></span> <span class='ocrx_word' id='word_1_43' title='bbox 870 514 962 566; x_wconf 89' lang='lat' dir='ltr'><strong>quid</strong></span> <span class='ocrx_word' id='word_1_44' title='bbox 995 514 1176 554; x_wconf 84' lang='lat' dir='ltr'><strong>docuisse</strong></span> <span class='ocrx_word' id='word_1_45' title='bbox 1208 512 1397 554; x_wconf 79' lang='lat' dir='ltr'><strong>iuvabat?</strong></span> 
     </span>
     <span class='ocr_line' id='line_1_8' title="bbox 272 574 1391 627; baseline -0.001 -14"><span class='ocrx_word' id='word_1_46' title='bbox 272 575 460 627; x_wconf 82' lang='lat' dir='ltr'><strong>Labitur,</strong></span> <span class='ocrx_word' id='word_1_47' title='bbox 492 579 531 613; x_wconf 89' lang='lat' dir='ltr'><strong>et</strong></span> <span class='ocrx_word' id='word_1_48' title='bbox 562 586 702 625; x_wconf 87' lang='lat' dir='ltr'><strong>parvae</strong></span> <span class='ocrx_word' id='word_1_49' title='bbox 735 574 890 625; x_wconf 83' lang='lat' dir='ltr'><strong>fugiunt</strong></span> <span class='ocrx_word' id='word_1_50' title='bbox 922 585 1012 613; x_wconf 90' lang='lat' dir='ltr'><strong>cum</strong></span> <span class='ocrx_word' id='word_1_51' title='bbox 1044 574 1234 625; x_wconf 84' lang='lat' dir='ltr'><strong>sanguine</strong></span> <span class='ocrx_word' id='word_1_52' title='bbox 1265 575 1391 613; x_wconf 90' lang='lat' dir='ltr'><strong>vires.</strong></span> 
     </span>
     <span class='ocr_line' id='line_1_9' title="bbox 183 632 1492 685; baseline -0.003 -11"><span class='ocrx_word' id='word_1_53' title='bbox 183 643 248 674; x_wconf 80' lang='lat'><strong>860</strong></span> <span class='ocrx_word' id='word_1_54' title='bbox 272 634 447 684; x_wconf 81' lang='lat' dir='ltr'><strong>Dumque</strong></span> <span class='ocrx_word' id='word_1_55' title='bbox 468 632 612 684; x_wconf 89' lang='lat' dir='ltr'><strong>aliquid</strong></span> <span class='ocrx_word' id='word_1_56' title='bbox 640 638 819 684; x_wconf 88' lang='lat' dir='ltr'><strong>spectare</strong></span> <span class='ocrx_word' id='word_1_57' title='bbox 839 638 970 684; x_wconf 89' lang='lat' dir='ltr'><strong>potest</strong></span> <span class='ocrx_word' id='word_1_58' title='bbox 987 664 998 685; x_wconf 87' lang='lat'>‚</span> <span class='ocrx_word' id='word_1_59' title='bbox 1025 644 1086 671; x_wconf 88' lang='lat' dir='ltr'><strong>me</strong></span> <span class='ocrx_word' id='word_1_60' title='bbox 1107 637 1258 683; x_wconf 88' lang='lat' dir='ltr'><strong>spectat</strong></span> <span class='ocrx_word' id='word_1_61' title='bbox 1275 664 1287 684; x_wconf 89' lang='lat'><em>,</em></span> <span class='ocrx_word' id='word_1_62' title='bbox 1313 637 1353 672; x_wconf 86' lang='lat' dir='ltr'><strong>et</strong></span> <span class='ocrx_word' id='word_1_63' title='bbox 1371 634 1410 671; x_wconf 92' lang='lat' dir='ltr'><strong>in</strong></span> <span class='ocrx_word' id='word_1_64' title='bbox 1432 644 1492 671; x_wconf 89' lang='lat' dir='ltr'><strong>me</strong></span> 
     </span>
     <span class='ocr_line' id='line_1_10' title="bbox 271 690 1299 742; baseline -0.002 -11"><span class='ocrx_word' id='word_1_65' title='bbox 271 692 470 731; x_wconf 76' lang='lat' dir='ltr'><strong>Infelicem</strong></span> <span class='ocrx_word' id='word_1_66' title='bbox 502 693 670 730; x_wconf 87' lang='lat' dir='ltr'><strong>animam</strong></span> <span class='ocrx_word' id='word_1_67' title='bbox 702 697 918 742; x_wconf 86' lang='lat' dir='ltr'><strong>nostroque</strong></span> <span class='ocrx_word' id='word_1_68' title='bbox 951 690 1104 729; x_wconf 83' lang='lat' dir='ltr'><strong>exhalat</strong></span> <span class='ocrx_word' id='word_1_69' title='bbox 1134 692 1175 729; x_wconf 87' lang='lat' dir='ltr'><strong>in</strong></span> <span class='ocrx_word' id='word_1_70' title='bbox 1207 702 1299 729; x_wconf 90' lang='lat' dir='ltr'><strong>ore.</strong></span> 
     </span>
     <span class='ocr_line' id='line_1_11' title="bbox 271 744 1210 790; baseline -0.001 0"><span class='ocrx_word' id='word_1_71' title='bbox 271 751 345 790; x_wconf 87' lang='lat' dir='ltr'><strong>Sed</strong></span> <span class='ocrx_word' id='word_1_72' title='bbox 379 750 488 789; x_wconf 88' lang='lat' dir='ltr'><strong>vultu</strong></span> <span class='ocrx_word' id='word_1_73' title='bbox 520 750 681 788; x_wconf 86' lang='lat' dir='ltr'><strong>meliore</strong></span> <span class='ocrx_word' id='word_1_74' title='bbox 715 751 814 788; x_wconf 89' lang='lat' dir='ltr'><strong>mori</strong></span> <span class='ocrx_word' id='word_1_75' title='bbox 846 761 986 788; x_wconf 84' lang='lat' dir='ltr'><strong>secura</strong></span> <span class='ocrx_word' id='word_1_76' title='bbox 1017 748 1172 788; x_wconf 90' lang='lat' dir='ltr'><strong>videtur</strong></span> <span class='ocrx_word' id='word_1_77' title='bbox 1185 744 1210 789; x_wconf 90' lang='lat'><strong>.&#39;</strong></span> 
     </span>
     <span class='ocr_line' id='line_1_12' title="bbox 270 806 1492 848; baseline -0.002 0"><span class='ocrx_word' id='word_1_78' title='bbox 270 809 471 848; x_wconf 86' lang='lat' dir='ltr'><strong>Flentibus</strong></span> <span class='ocrx_word' id='word_1_79' title='bbox 503 809 598 847; x_wconf 85' lang='lat' dir='ltr'><strong>haec</strong></span> <span class='ocrx_word' id='word_1_80' title='bbox 631 808 839 847; x_wconf 85' lang='lat' dir='ltr'><strong>lacrimans</strong></span> <span class='ocrx_word' id='word_1_81' title='bbox 870 808 988 847; x_wconf 85' lang='lat' dir='ltr'><strong>heros</strong></span> <span class='ocrx_word' id='word_1_82' title='bbox 1019 806 1292 847; x_wconf 87' lang='lat' dir='ltr'><strong>memorabat:</strong></span> <span class='ocrx_word' id='word_1_83' title='bbox 1330 814 1370 846; x_wconf 87' lang='lat' dir='ltr'><strong>et</strong></span> <span class='ocrx_word' id='word_1_84' title='bbox 1403 819 1492 847; x_wconf 87' lang='lat' dir='ltr'><strong>ecce</strong></span> 
     </span>
     <span class='ocr_line' id='line_1_13' title="bbox 269 866 1323 918; baseline -0.003 -11"><span class='ocrx_word' id='word_1_85' title='bbox 269 869 418 907; x_wconf 83' lang='lat' dir='ltr'><strong>Aeacus</strong></span> <span class='ocrx_word' id='word_1_86' title='bbox 450 867 670 918; x_wconf 83' lang='lat' dir='ltr'><strong>ingreditur</strong></span> <span class='ocrx_word' id='word_1_87' title='bbox 703 867 848 918; x_wconf 82' lang='lat' dir='ltr'><strong>duplici</strong></span> <span class='ocrx_word' id='word_1_88' title='bbox 881 879 970 905; x_wconf 90' lang='lat' dir='ltr'><strong>cum</strong></span> <span class='ocrx_word' id='word_1_89' title='bbox 1001 866 1111 918; x_wconf 89' lang='lat' dir='ltr'><strong>prole</strong></span> <span class='ocrx_word' id='word_1_90' title='bbox 1143 877 1323 917; x_wconf 89' lang='lat' dir='ltr'><strong>novoque</strong></span> 
     </span>
     <span class='ocr_line' id='line_1_14' title="bbox 182 924 1465 980; baseline -0.002 -13"><span class='ocrx_word' id='word_1_91' title='bbox 182 936 248 967; x_wconf 81' lang='lat'><strong>865</strong></span> <span class='ocrx_word' id='word_1_92' title='bbox 269 927 389 966; x_wconf 87' lang='lat' dir='ltr'><strong>Milite</strong></span> <span class='ocrx_word' id='word_1_93' title='bbox 408 958 419 980; x_wconf 89' lang='lat'><em>‚</em></span> <span class='ocrx_word' id='word_1_94' title='bbox 451 938 568 978; x_wconf 86' lang='lat' dir='ltr'><strong>quem</strong></span> <span class='ocrx_word' id='word_1_95' title='bbox 601 925 793 977; x_wconf 85' lang='lat' dir='ltr'><strong>Cephalus</strong></span> <span class='ocrx_word' id='word_1_96' title='bbox 826 937 916 965; x_wconf 89' lang='lat' dir='ltr'><strong>cum</strong></span> <span class='ocrx_word' id='word_1_97' title='bbox 948 924 1116 965; x_wconf 87' lang='lat' dir='ltr'><strong>fortibus</strong></span> <span class='ocrx_word' id='word_1_98' title='bbox 1148 926 1292 977; x_wconf 86' lang='lat' dir='ltr'><strong>accipit</strong></span> <span class='ocrx_word' id='word_1_99' title='bbox 1322 926 1465 965; x_wconf 87' lang='lat' dir='ltr'><strong>armis.</strong></span> 
     </span>
    </p>
   </div>
   <div class='ocr_carea' id='block_1_3' title="bbox 557 1177 1082 1233">
    <p class='ocr_par' dir='ltr' id='par_1_3' title="bbox 557 1177 1082 1233">
     <span class='ocr_line' id='line_1_15' title="bbox 557 1177 1082 1233; baseline 0 0"><span class='ocrx_word' id='word_1_100' title='bbox 557 1178 740 1233; x_wconf 86' lang='lat' dir='ltr'>LIBER</span> <span class='ocrx_word' id='word_1_101' title='bbox 778 1177 1055 1233; x_wconf 82' lang='lat' dir='ltr'><strong>OCTAVUS</strong></span> <span class='ocrx_word' id='word_1_102' title='bbox 1071 1217 1082 1233; x_wconf 91' lang='lat'><strong>.</strong></span> 
     </span>
    </p>
   </div>
   <div class='ocr_carea' id='block_1_4' title="bbox 211 1276 1447 2385">
    <p class='ocr_par' dir='ltr' id='par_1_4' title="bbox 270 1276 1430 1506">
     <span class='ocr_line' id='line_1_16' title="bbox 271 1276 1346 1329; baseline -0.003 -11"><span class='ocrx_word' id='word_1_103' title='bbox 271 1279 349 1318; x_wconf 84' lang='lat' dir='ltr'><strong>Iam</strong></span> <span class='ocrx_word' id='word_1_104' title='bbox 380 1278 547 1318; x_wconf 88' lang='lat' dir='ltr'><strong>nitidum</strong></span> <span class='ocrx_word' id='word_1_105' title='bbox 578 1282 780 1329; x_wconf 82' lang='lat' dir='ltr'><strong>retegente</strong></span> <span class='ocrx_word' id='word_1_106' title='bbox 813 1276 917 1315; x_wconf 86' lang='lat' dir='ltr'><strong>diem</strong></span> <span class='ocrx_word' id='word_1_107' title='bbox 949 1278 1155 1327; x_wconf 90' lang='lat' dir='ltr'><strong>noctisque</strong></span> <span class='ocrx_word' id='word_1_108' title='bbox 1187 1277 1346 1328; x_wconf 85' lang='lat' dir='ltr'><strong>fugante</strong></span> 
     </span>
     <span class='ocr_line' id='line_1_17' title="bbox 270 1334 1430 1389; baseline -0.003 -12"><span class='ocrx_word' id='word_1_109' title='bbox 270 1339 463 1389; x_wconf 78' lang='lat' dir='ltr'><strong>Tempora</strong></span> <span class='ocrx_word' id='word_1_110' title='bbox 495 1337 676 1376; x_wconf 87' lang='lat' dir='ltr'><strong>Lucifero</strong></span> <span class='ocrx_word' id='word_1_111' title='bbox 710 1335 813 1376; x_wconf 85' lang='lat' dir='ltr'><strong>cadit</strong></span> <span class='ocrx_word' id='word_1_112' title='bbox 844 1347 995 1389; x_wconf 85' lang='lat' dir='ltr'><strong>eurus,</strong></span> <span class='ocrx_word' id='word_1_113' title='bbox 1027 1340 1066 1374; x_wconf 88' lang='lat' dir='ltr'><strong>et</strong></span> <span class='ocrx_word' id='word_1_114' title='bbox 1097 1334 1230 1374; x_wconf 91' lang='lat' dir='ltr'><strong>umida</strong></span> <span class='ocrx_word' id='word_1_115' title='bbox 1262 1341 1430 1387; x_wconf 85' lang='lat' dir='ltr'><strong>surgunt</strong></span> 
     </span>
     <span class='ocr_line' id='line_1_18' title="bbox 270 1393 1377 1446; baseline -0.004 -10"><span class='ocrx_word' id='word_1_116' title='bbox 270 1397 439 1436; x_wconf 85' lang='lat' dir='ltr'><strong>Nubila:</strong></span> <span class='ocrx_word' id='word_1_117' title='bbox 471 1396 564 1434; x_wconf 89' lang='lat' dir='ltr'><strong>dant</strong></span> <span class='ocrx_word' id='word_1_118' title='bbox 595 1395 737 1446; x_wconf 85' lang='lat' dir='ltr'><strong>placidi</strong></span> <span class='ocrx_word' id='word_1_119' title='bbox 769 1407 930 1433; x_wconf 90' lang='lat' dir='ltr'><strong>cursum</strong></span> <span class='ocrx_word' id='word_1_120' title='bbox 962 1393 1222 1433; x_wconf 88' lang='lat' dir='ltr'><strong>redeuntibus</strong></span> <span class='ocrx_word' id='word_1_121' title='bbox 1253 1396 1377 1434; x_wconf 86' lang='lat' dir='ltr'><strong>austri</strong></span> 
     </span>
     <span class='ocr_line' id='line_1_19' title="bbox 271 1452 1242 1506; baseline -0.003 -12"><span class='ocrx_word' id='word_1_122' title='bbox 271 1455 446 1494; x_wconf 84' lang='lat' dir='ltr'><strong>Aeacidis</strong></span> <span class='ocrx_word' id='word_1_123' title='bbox 479 1453 727 1505; x_wconf 83' lang='lat' dir='ltr'><strong>Cephaloque</strong></span> <span class='ocrx_word' id='word_1_124' title='bbox 747 1485 758 1506; x_wconf 79' lang='lat'>,</span> <span class='ocrx_word' id='word_1_125' title='bbox 791 1453 933 1504; x_wconf 90' lang='lat' dir='ltr'><strong>quibus</strong></span> <span class='ocrx_word' id='word_1_126' title='bbox 966 1452 1133 1491; x_wconf 84' lang='lat' dir='ltr'><strong>feliciter</strong></span> <span class='ocrx_word' id='word_1_127' title='bbox 1165 1453 1242 1492; x_wconf 87' lang='lat' dir='ltr'><strong>acti</strong></span> 
     </span>
    </p>

    <p class='ocr_par' dir='ltr' id='par_1_5' title="bbox 231 1512 1212 1565">
     <span class='ocr_line' id='line_1_20' title="bbox 231 1512 1212 1565; baseline -0.003 -12"><span class='ocrx_word' id='word_1_128' title='bbox 231 1522 249 1554; x_wconf 90' lang='lat'>5</span> <span class='ocrx_word' id='word_1_129' title='bbox 271 1515 368 1553; x_wconf 83' lang='lat' dir='ltr'><strong>Ante</strong></span> <span class='ocrx_word' id='word_1_130' title='bbox 401 1519 647 1565; x_wconf 84' lang='lat' dir='ltr'><strong>expectatum</strong></span> <span class='ocrx_word' id='word_1_131' title='bbox 679 1518 817 1564; x_wconf 89' lang='lat' dir='ltr'><strong>portus</strong></span> <span class='ocrx_word' id='word_1_132' title='bbox 849 1517 1014 1551; x_wconf 87' lang='lat' dir='ltr'><strong>tenuere</strong></span> <span class='ocrx_word' id='word_1_133' title='bbox 1044 1512 1212 1563; x_wconf 88' lang='lat' dir='ltr'><strong>petitos.</strong></span> 
     </span>
    </p>

    <p class='ocr_par' dir='ltr' id='par_1_6' title="bbox 270 1570 1447 1797">
     <span class='ocr_line' id='line_1_21' title="bbox 272 1570 1117 1623; baseline -0.002 -12"><span class='ocrx_word' id='word_1_134' title='bbox 272 1573 424 1611; x_wconf 82' lang='lat' dir='ltr'><strong>Interea</strong></span> <span class='ocrx_word' id='word_1_135' title='bbox 457 1572 581 1610; x_wconf 87' lang='lat' dir='ltr'><strong>Minos</strong></span> <span class='ocrx_word' id='word_1_136' title='bbox 614 1571 792 1623; x_wconf 80' lang='lat' dir='ltr'><strong>Lelegeia</strong></span> <span class='ocrx_word' id='word_1_137' title='bbox 823 1570 938 1609; x_wconf 84' lang='lat' dir='ltr'><strong>litora</strong></span> <span class='ocrx_word' id='word_1_138' title='bbox 969 1575 1117 1623; x_wconf 86' lang='lat' dir='ltr'><strong>vastat,</strong></span> 
     </span>
     <span class='ocr_line' id='line_1_22' title="bbox 270 1627 1259 1682; baseline -0.003 -12"><span class='ocrx_word' id='word_1_139' title='bbox 270 1631 612 1682; x_wconf 86' lang='lat' dir='ltr'><strong>Praetemptatque</strong></span> <span class='ocrx_word' id='word_1_140' title='bbox 646 1631 706 1669; x_wconf 91' lang='lat' dir='ltr'><strong>sui</strong></span> <span class='ocrx_word' id='word_1_141' title='bbox 738 1631 842 1668; x_wconf 88' lang='lat' dir='ltr'><strong>vires</strong></span> <span class='ocrx_word' id='word_1_142' title='bbox 873 1629 1057 1667; x_wconf 90' lang='lat' dir='ltr'><strong>Mavortis</strong></span> <span class='ocrx_word' id='word_1_143' title='bbox 1088 1629 1129 1667; x_wconf 91' lang='lat' dir='ltr'><strong>in</strong></span> <span class='ocrx_word' id='word_1_144' title='bbox 1160 1627 1259 1667; x_wconf 91' lang='lat' dir='ltr'><strong>urbe</strong></span> 
     </span>
     <span class='ocr_line' id='line_1_23' title="bbox 270 1686 1447 1742; baseline -0.003 -14"><span class='ocrx_word' id='word_1_145' title='bbox 270 1690 474 1742; x_wconf 84' lang='lat' dir='ltr'><strong>Alcathoi,</strong></span> <span class='ocrx_word' id='word_1_146' title='bbox 507 1701 623 1740; x_wconf 89' lang='lat' dir='ltr'><strong>quam</strong></span> <span class='ocrx_word' id='word_1_147' title='bbox 654 1688 772 1727; x_wconf 89' lang='lat' dir='ltr'><strong>Nisus</strong></span> <span class='ocrx_word' id='word_1_148' title='bbox 804 1687 921 1726; x_wconf 89' lang='lat' dir='ltr'><strong>habet</strong></span> <span class='ocrx_word' id='word_1_149' title='bbox 937 1719 949 1741; x_wconf 83' lang='lat'><em>‚</em></span> <span class='ocrx_word' id='word_1_150' title='bbox 981 1688 1046 1726; x_wconf 91' lang='lat' dir='ltr'><strong>cui</strong></span> <span class='ocrx_word' id='word_1_151' title='bbox 1077 1686 1306 1739; x_wconf 87' lang='lat' dir='ltr'><strong>splendidus</strong></span> <span class='ocrx_word' id='word_1_152' title='bbox 1339 1693 1447 1726; x_wconf 88' lang='lat' dir='ltr'><strong>ostro</strong></span> 
     </span>
     <span class='ocr_line' id='line_1_24' title="bbox 271 1747 1260 1797; baseline -0.002 -10"><span class='ocrx_word' id='word_1_153' title='bbox 271 1749 378 1787; x_wconf 82' lang='lat' dir='ltr'><strong>Inter</strong></span> <span class='ocrx_word' id='word_1_154' title='bbox 409 1748 620 1786; x_wconf 84' lang='lat' dir='ltr'><strong>honoratos</strong></span> <span class='ocrx_word' id='word_1_155' title='bbox 652 1747 858 1797; x_wconf 89' lang='lat' dir='ltr'><strong>medioque</strong></span> <span class='ocrx_word' id='word_1_156' title='bbox 890 1747 931 1784; x_wconf 91' lang='lat' dir='ltr'><strong>in</strong></span> <span class='ocrx_word' id='word_1_157' title='bbox 962 1747 1109 1785; x_wconf 90' lang='lat' dir='ltr'><strong>vertice</strong></span> <span class='ocrx_word' id='word_1_158' title='bbox 1142 1757 1260 1785; x_wconf 90' lang='lat' dir='ltr'><strong>canos</strong></span> 
     </span>
    </p>

    <p class='ocr_par' dir='ltr' id='par_1_7' title="bbox 211 1804 1194 1858">
     <span class='ocr_line' id='line_1_25' title="bbox 211 1804 1194 1858; baseline -0.003 -12"><span class='ocrx_word' id='word_1_159' title='bbox 211 1816 251 1846; x_wconf 88' lang='lat'><strong>10</strong></span> <span class='ocrx_word' id='word_1_160' title='bbox 274 1807 403 1846; x_wconf 78' lang='lat' dir='ltr'><strong>Clinis</strong></span> <span class='ocrx_word' id='word_1_161' title='bbox 435 1806 693 1858; x_wconf 83' lang='lat' dir='ltr'><strong>inhaeiebat‚</strong></span> <span class='ocrx_word' id='word_1_162' title='bbox 726 1806 854 1856; x_wconf 88' lang='lat' dir='ltr'><strong>magni</strong></span> <span class='ocrx_word' id='word_1_163' title='bbox 886 1804 1028 1844; x_wconf 84' lang='lat' dir='ltr'><strong>fiducia</strong></span> <span class='ocrx_word' id='word_1_164' title='bbox 1058 1806 1194 1856; x_wconf 86' lang='lat' dir='ltr'><strong>regni.</strong></span> 
     </span>
    </p>

    <p class='ocr_par' dir='ltr' id='par_1_8' title="bbox 273 1862 1318 2091">
     <span class='ocr_line' id='line_1_26' title="bbox 331 1862 1284 1916; baseline -0.003 -12"><span class='ocrx_word' id='word_1_165' title='bbox 331 1866 448 1904; x_wconf 86' lang='lat' dir='ltr'><strong>Sexta</strong></span> <span class='ocrx_word' id='word_1_166' title='bbox 479 1864 738 1915; x_wconf 80' lang='lat' dir='ltr'><strong>iesurgebant</strong></span> <span class='ocrx_word' id='word_1_167' title='bbox 769 1865 932 1902; x_wconf 89' lang='lat' dir='ltr'><strong>orientis</strong></span> <span class='ocrx_word' id='word_1_168' title='bbox 965 1875 1113 1902; x_wconf 88' lang='lat' dir='ltr'><strong>cornua</strong></span> <span class='ocrx_word' id='word_1_169' title='bbox 1144 1862 1284 1916; x_wconf 87' lang='lat' dir='ltr'><strong>lunae,</strong></span> 
     </span>
     <span class='ocr_line' id='line_1_27' title="bbox 273 1894 1284 1975; baseline -0.002 -13"><span class='ocrx_word' id='word_1_170' title='bbox 273 1924 321 1962; x_wconf 85' lang='lat' dir='ltr'><strong>Et</strong></span> <span class='ocrx_word' id='word_1_171' title='bbox 352 1923 547 1975; x_wconf 85' lang='lat' dir='ltr'><strong>pendebat</strong></span> <span class='ocrx_word' id='word_1_172' title='bbox 578 1923 703 1962; x_wconf 88' lang='lat' dir='ltr'><strong>adhuc</strong></span> <span class='ocrx_word' id='word_1_173' title='bbox 735 1922 826 1961; x_wconf 91' lang='lat' dir='ltr'><strong>belli</strong></span> <span class='ocrx_word' id='word_1_174' title='bbox 858 1923 1043 1961; x_wconf 88' lang='lat' dir='ltr'><strong>fortuna·</strong></span> <span class='ocrx_word' id='word_1_175' title='bbox 1032 1894 1284 1974; x_wconf 29' lang='lat' dir='ltr'><strong>{wdihque</strong></span> 
     </span>
     <span class='ocr_line' id='line_1_28' title="bbox 273 1979 1318 2033; baseline 0 -13"><span class='ocrx_word' id='word_1_176' title='bbox 273 1983 379 2020; x_wconf 89' lang='lat' dir='ltr'><strong>lnter</strong></span> <span class='ocrx_word' id='word_1_177' title='bbox 410 1988 624 2033; x_wconf 88' lang='lat' dir='ltr'><strong>utrumque</strong></span> <span class='ocrx_word' id='word_1_178' title='bbox 656 1981 759 2020; x_wconf 85' lang='lat' dir='ltr'><strong>volat</strong></span> <span class='ocrx_word' id='word_1_179' title='bbox 790 1980 919 2020; x_wconf 91' lang='lat' dir='ltr'><strong>dubiis</strong></span> <span class='ocrx_word' id='word_1_180' title='bbox 951 1979 1122 2019; x_wconf 83' lang='lat' dir='ltr'><strong>Victoria</strong></span> <span class='ocrx_word' id='word_1_181' title='bbox 1152 1981 1318 2031; x_wconf 85' lang='lat' dir='ltr'><strong>pennis.</strong></span> 
     </span>
     <span class='ocr_line' id='line_1_29' title="bbox 274 2038 1232 2091; baseline -0.002 -12"><span class='ocrx_word' id='word_1_182' title='bbox 274 2041 392 2091; x_wconf 85' lang='lat' dir='ltr'><strong>Regia</strong></span> <span class='ocrx_word' id='word_1_183' title='bbox 424 2042 546 2079; x_wconf 90' lang='lat' dir='ltr'><strong>turris</strong></span> <span class='ocrx_word' id='word_1_184' title='bbox 578 2046 663 2079; x_wconf 91' lang='lat' dir='ltr'><strong>erat</strong></span> <span class='ocrx_word' id='word_1_185' title='bbox 693 2039 891 2078; x_wconf 89' lang='lat' dir='ltr'><strong>vocalibus</strong></span> <span class='ocrx_word' id='word_1_186' title='bbox 924 2038 1053 2077; x_wconf 90' lang='lat' dir='ltr'><strong>addita</strong></span> <span class='ocrx_word' id='word_1_187' title='bbox 1084 2040 1232 2091; x_wconf 86' lang='lat' dir='ltr'><strong>muris,</strong></span> 
     </span>
    </p>

    <p class='ocr_par' dir='ltr' id='par_1_9' title="bbox 212 2096 1311 2326">
     <span class='ocr_line' id='line_1_30' title="bbox 212 2096 1184 2150; baseline -0.002 -13"><span class='ocrx_word' id='word_1_188' title='bbox 212 2107 252 2138; x_wconf 79' lang='lat'><strong>15</strong></span> <span class='ocrx_word' id='word_1_189' title='bbox 274 2099 316 2137; x_wconf 88' lang='lat' dir='ltr'><strong>In</strong></span> <span class='ocrx_word' id='word_1_190' title='bbox 350 2099 492 2149; x_wconf 89' lang='lat' dir='ltr'><strong>quibus</strong></span> <span class='ocrx_word' id='word_1_191' title='bbox 524 2106 698 2138; x_wconf 88' lang='lat' dir='ltr'><strong>auratam</strong></span> <span class='ocrx_word' id='word_1_192' title='bbox 729 2098 860 2150; x_wconf 87' lang='lat' dir='ltr'><strong>proles</strong></span> <span class='ocrx_word' id='word_1_193' title='bbox 891 2096 1026 2136; x_wconf 87' lang='lat' dir='ltr'><strong>Letoia</strong></span> <span class='ocrx_word' id='word_1_194' title='bbox 1058 2097 1184 2136; x_wconf 85' lang='lat' dir='ltr'><strong>fertur</strong></span> 
     </span>
     <span class='ocr_line' id='line_1_31' title="bbox 275 2155 1311 2210; baseline 0 -15"><span class='ocrx_word' id='word_1_195' title='bbox 275 2157 510 2209; x_wconf 86' lang='lat' dir='ltr'><strong>Deposuisse</strong></span> <span class='ocrx_word' id='word_1_196' title='bbox 542 2157 693 2210; x_wconf 79' lang='lat' dir='ltr'><strong>lyram3</strong></span> <span class='ocrx_word' id='word_1_197' title='bbox 725 2169 818 2195; x_wconf 88' lang='lat' dir='ltr'><strong>saxo</strong></span> <span class='ocrx_word' id='word_1_198' title='bbox 851 2168 971 2195; x_wconf 90' lang='lat' dir='ltr'><strong>sonus</strong></span> <span class='ocrx_word' id='word_1_199' title='bbox 1004 2157 1088 2194; x_wconf 90' lang='lat' dir='ltr'><strong>eius</strong></span> <span class='ocrx_word' id='word_1_200' title='bbox 1119 2155 1311 2195; x_wconf 87' lang='lat' dir='ltr'><strong>inhaesit.</strong></span> 
     </span>
     <span class='ocr_line' id='line_1_32' title="bbox 276 2213 1232 2267; baseline -0.001 -13"><span class='ocrx_word' id='word_1_201' title='bbox 276 2215 399 2267; x_wconf 84' lang='lat' dir='ltr'><strong>Saepe</strong></span> <span class='ocrx_word' id='word_1_202' title='bbox 431 2215 523 2254; x_wconf 87' lang='lat' dir='ltr'><strong>illuc</strong></span> <span class='ocrx_word' id='word_1_203' title='bbox 556 2216 669 2254; x_wconf 87' lang='lat' dir='ltr'><strong>solita</strong></span> <span class='ocrx_word' id='word_1_204' title='bbox 699 2221 761 2255; x_wconf 90' lang='lat' dir='ltr'><strong>est</strong></span> <span class='ocrx_word' id='word_1_205' title='bbox 792 2214 1004 2253; x_wconf 89' lang='lat' dir='ltr'><strong>ascendere</strong></span> <span class='ocrx_word' id='word_1_206' title='bbox 1037 2214 1114 2253; x_wconf 75' lang='lat' dir='ltr'><strong>filia</strong></span> <span class='ocrx_word' id='word_1_207' title='bbox 1144 2213 1232 2253; x_wconf 85' lang='lat' dir='ltr'><strong>Nisi</strong></span> 
     </span>
     <span class='ocr_line' id='line_1_33' title="bbox 274 2272 1227 2326; baseline -0.002 -13"><span class='ocrx_word' id='word_1_208' title='bbox 274 2274 323 2313; x_wconf 90' lang='lat' dir='ltr'><strong>Et</strong></span> <span class='ocrx_word' id='word_1_209' title='bbox 354 2280 489 2326; x_wconf 86' lang='lat' dir='ltr'><strong>petere</strong></span> <span class='ocrx_word' id='word_1_210' title='bbox 523 2276 663 2325; x_wconf 86' lang='lat' dir='ltr'><strong>exiguo</strong></span> <span class='ocrx_word' id='word_1_211' title='bbox 696 2275 921 2313; x_wconf 86' lang='lat' dir='ltr'><strong>resonantia</strong></span> <span class='ocrx_word' id='word_1_212' title='bbox 952 2285 1043 2312; x_wconf 84' lang='lat' dir='ltr'><strong>saxa</strong></span> <span class='ocrx_word' id='word_1_213' title='bbox 1074 2272 1227 2326; x_wconf 80' lang='lat' dir='ltr'><strong>lapillo,</strong></span> 
     </span>
    </p>

    <p class='ocr_par' dir='ltr' id='par_1_10' title="bbox 275 2331 1431 2385">
     <span class='ocr_line' id='line_1_34' title="bbox 275 2331 1431 2385; baseline -0.001 -13"><span class='ocrx_word' id='word_1_214' title='bbox 275 2333 375 2372; x_wconf 81' lang='lat' dir='ltr'><strong>Tum</strong></span> <span class='ocrx_word' id='word_1_215' title='bbox 407 2345 497 2372; x_wconf 90' lang='lat' dir='ltr'><strong>cum</strong></span> <span class='ocrx_word' id='word_1_216' title='bbox 528 2344 603 2385; x_wconf 83' lang='lat' dir='ltr'><strong>pax</strong></span> <span class='ocrx_word' id='word_1_217' title='bbox 635 2338 768 2372; x_wconf 88' lang='lat' dir='ltr'><strong>esset.</strong></span> <span class='ocrx_word' id='word_1_218' title='bbox 807 2332 909 2371; x_wconf 89' lang='lat' dir='ltr'><strong>bello</strong></span> <span class='ocrx_word' id='word_1_219' title='bbox 943 2344 1100 2384; x_wconf 90' lang='lat' dir='ltr'><strong>quoque</strong></span> <span class='ocrx_word' id='word_1_220' title='bbox 1133 2343 1248 2384; x_wconf 86' lang='lat' dir='ltr'><strong>saepe</strong></span> <span class='ocrx_word' id='word_1_221' title='bbox 1281 2331 1431 2371; x_wconf 82' lang='lat' dir='ltr'><strong>solebat</strong></span> 
     </span>
    </p>
   </div>
  </div>
 </body>
</html>
