1507 2580
1255 113 1358 150 XVII

14 227 205 267 xandriae
241 238 320 265 non
356 225 472 264 modo
510 227 603 265 tura
640 225 892 276 interpolari,
934 225 1003 264 sed
1035 226 1157 264 etiam
1193 225 1276 275 legi
1309 225 1357 263 ab

14 286 235 336 opificibus.
283 285 524 335 pervulgata
555 287 642 323 erat
672 285 810 322 fabula
840 284 1055 322 Euhemeri
1081 284 1128 322 de
1148 284 1359 332 Panchaia,

15 344 149 384 derisa
167 356 192 384 a
210 343 406 383 Strabone
438 356 502 393 pp.
526 344 622 393 104,
655 344 752 393 299,
784 344 1092 382 commemorata.
1114 343 1219 392 apud
1238 342 1360 381 Euse-

16 403 128 442 bium
157 402 300 453 Praep.
331 414 391 441 ev.
423 410 457 440 ΙΙ
485 403 528 452 2,
564 415 603 452 p.
624 402 697 451 59,
743 403 950 440 recantata
991 401 1097 450 apud
1140 401 1361 440 Diodorum

16 462 113 501 olim
141 461 246 500 libro
279 469 339 511 VI,
377 472 481 498 nunc
511 469 541 499 v
560 462 629 510 41,
667 460 735 497 ubi
771 461 873 510 legis
905 460 1148 510 descriptum
1179 458 1360 509 λιβανω-

15 516 112 569 τόν,
153 532 271 571 quem
307 519 506 558 Panchaei
545 515 783 568 κομίζουειν
821 516 880 558 εἰς
918 516 968 558 τὸ
1006 517 1142 567 πέραν
1173 516 1241 557 καὶ
1272 528 1360 557 πω-

16 577 135 619 λοῦει
164 579 257 618 τοῖς
287 577 374 617 τῶν
394 573 585 627 Ἀράβων
616 573 817 626 ἐμπόροις
848 577 933 616 κτλ.
966 578 1101 627 itaque
1133 577 1168 616 si
1195 577 1360 617 Ovidius

15 649 107 677 eum
137 637 319 688 Vergilio
357 636 580 675 Panchaiae
617 636 762 674 tribuit
791 645 824 674 x
850 637 954 687 309,
991 636 1282 675 Achaemeniae
1313 644 1362 674 IV

19 697 102 735 212
143 697 246 746 255,
285 695 466 746 Assyriis
504 704 567 734 XV
589 696 691 746 394,
736 697 920 734 auctores
964 696 1077 745 sequi
1119 695 1269 745 potuit3
1314 695 1362 733 de

16 755 314 794 Nasamonibus
338 767 435 793 num
466 754 663 804 habuerit,
694 753 760 793 vix
790 754 926 793 refert.
965 754 1070 803 quod
1101 765 1257 793 acervos
1283 754 1363 792 tolli

16 813 130 865 (licit,
167 813 353 853 convenit
389 825 478 852 cum
515 814 590 862 eis,
634 825 734 863 quae
778 812 826 851 de
863 824 992 852 messe
1031 813 1114 852 sive
1152 812 1364 863 vindemia,

18 885 138 922 quam
168 872 276 923 dicit,
307 872 460 910 Plinius
490 872 618 910 tradit
648 880 717 910 XII
737 871 792 910 58
826 871 876 910 ad
909 872 975 910 63.
1096 867 1180 910 301
1213 871 1362 910 Auxe-

18 939 145 970 EUNT
170 938 427 971 VOLUCRUM
459 938 632 969 VICTAE
666 938 938 969 CERTAMINE
972 937 1174 969 TURBAM.
1211 942 1363 977 vereor,

17 1001 67 1028 ne
109 990 396 1040 interpolatum
439 989 513 1028 hoe
557 989 626 1028 sit:
677 989 718 1027 M
762 991 968 1028 certamine
1003 1000 1173 1037 poenam
1216 988 1364 1027 habere

17 1048 189 1099 videtur,
219 1048 325 1099 quod
356 1048 576 1098 acceperim
598 1059 788 1099 pennam,
826 1047 1053 1098 significatu
1085 1059 1149 1098 eo,
1187 1059 1264 1098 quo
1302 1049 1364 1086 est

20 1107 237 1158 singularis
274 1107 381 1157 apud
411 1106 552 1145 Silium
589 1115 642 1145 111
664 1108 748 1146 344
780 1118 935 1156 pennae
964 1117 1157 1156 sagacem,
1196 1106 1363 1155 pluralis

19 1166 126 1216 apud
155 1166 412 1216 Propertium
442 1174 491 1205 IV
513 1167 568 1204 10
602 1167 668 1216 11,
705 1165 795 1204 Val.
813 1165 874 1203 Fl.
894 1173 910 1204 1
932 1166 1029 1204 234.
1144 1161 1229 1204 387
1263 1172 1364 1204 0Ῡο-

19 1233 195 1264 ΝΟΒΠΠ.
250 1236 458 1274 cyynorwm
500 1224 679 1274 oportuit
716 1224 932 1263 secundum
967 1223 1021 1262 Μ.
1171 1220 1257 1262 390
1290 1231 1364 1261 TY-

21 1291 406 1324 RIOS—FLORES.
459 1283 518 1321 ita
548 1283 606 1333 M,
646 1282 714 1321 sed
746 1295 770 1321 a
801 1283 922 1321 sciolo
953 1282 1160 1320 inductum
1190 1284 1286 1331 puto
1319 1294 1364 1320 ex

20 1351 71 1382 Ix
97 1344 201 1393 340,
243 1342 327 1381 fere
370 1344 416 1381 ut
451 1342 494 1379 in
529 1341 667 1381 eodem
705 1341 746 1378 M
783 1343 846 1380 est
882 1349 969 1380 VIII
990 1341 1074 1379 568
1112 1340 1205 1379 leleoe
1233 1342 1365 1389 pariis

19 1403 112 1452 iam,
144 1401 415 1451 superscripto
448 1402 556 1449 albis,
589 1400 751 1450 scilicet,
783 1400 876 1450 quia
906 1400 965 1438 ita
995 1400 1202 1438 inventum
1232 1399 1365 1437 fuerat

20 1469 75 1500 III
94 1462 179 1499 419
213 1471 232 1499 e
254 1461 372 1508 pario
404 1459 526 1507 (albo)
560 1470 762 1498 marmore.
883 1455 971 1497 460
1002 1465 1258 1505 APTUMQUE
1290 1466 1365 1497 PU·

21 1527 138 1559 nom
174 1518 346 1558 NOMEN
382 1526 551 1556 HABET.
606 1518 666 1556 ita
701 1517 760 1568 M,
802 1529 874 1556 nec
912 1517 1077 1555 dubium
1119 1517 1279 1556 videtur
1316 1517 1365 1555 de

21 1578 331 1628 interpolatione
367 1577 526 1627 vulgati
565 1577 691 1616 colori.
740 1576 846 1616 stelio
885 1576 991 1626 apud
1027 1575 1261 1625 Apuleium,
1298 1578 1366 1614 ste-

22 1638 191 1676 lionatus
237 1636 374 1675 multis
417 1635 581 1685 Ulpiani
623 1636 737 1685 locis,
788 1647 956 1685 quorum
998 1634 1090 1684 Dig.
1129 1642 1216 1672 XIII
1244 1635 1267 1672 7
1310 1634 1364 1672 36

21 1696 210 1735 Edictum
244 1696 554 1745 interpretatur,
590 1702 652 1733 XL
677 1696 729 1733 79
760 1695 958 1743 yraviores
994 1693 1251 1743 adlegantur,
1288 1703 1366 1731 non

24 1758 118 1794 sunt
156 1754 391 1804 posterioris
429 1754 518 1793 aevi
546 1753 752 1793 voeabula.
903 1748 988 1791 536
1020 1751 1365 1790 POENICEUM—

23 1821 202 1864 Pomm,
228 1812 515 1859 GLUPTAQUE
543 1820 778 1851 CALLENTI
795 1832 860 1849 —.
899 1811 1125 1850 Poeniceum
1149 1810 1202 1861 M,
1226 1811 1274 1850 ut
1298 1810 1367 1848 ali-

25 1873 220 1923 quotiens,
252 1871 357 1922 quod
388 1872 527 1921 sciam,
564 1879 633 1910 XII
655 1872 737 1910 104
770 1870 928 1921 quidem
958 1869 1158 1909 Phenicen.
1223 1868 1367 1917 Glupta

26 1932 168 1982 scripsi
197 1943 270 1981 pro
288 1930 453 1980 Swmpta
482 1930 687 1980 librorum,
720 1930 825 1979 quod
856 1940 944 1968 esse
975 1928 1187 1978 oportebat
1217 1939 1366 1967 sumen-

24 1991 88 2040 da,
121 1991 155 2030 si
185 1990 410 2040 proprietas
435 1989 674 2040 requiratur.
713 1987 854 2027 deinde
878 1987 1043 2036 pallenti
1067 1987 1172 2025 libri.
1222 1987 1364 2025 mirum

26 2062 189 2100 pomum
217 2049 450 2088 versicolor:
487 2060 580 2087 nam
610 2049 696 2098 ipse
727 2049 862 2086 cortex
893 2048 970 2096 est,
1009 2046 1076 2096 qui
1106 2045 1260 2096 rubeat,
1290 2046 1368 2084 nisi

25 2109 132 2147 forte
151 2108 200 2146 ab
220 2107 410 2146 interiore
440 2109 556 2157 parte
580 2107 722 2156 pallet;
753 2105 907 2144 Plinius
933 2104 1028 2155 quid
1053 2104 1160 2143 dicat
1184 2113 1248 2143 xv
1271 2105 1367 2154 100,

26 2178 95 2206 nec
118 2168 215 2206 matis
238 2167 321 2205 ulla
350 2166 513 2215 singulis
535 2168 694 2214 praeter
713 2175 958 2208 communem,
990 2174 1088 2212 quae
1112 2167 1165 2203 est
1189 2164 1368 2207 candida,

27 2238 107 2265 non
150 2225 249 2265 satis
294 2225 503 2275 perspicio.
565 2225 706 2264 callum
753 2223 859 2262 idem
902 2223 1007 2273 quod
1053 2224 1226 2262 corticem
1268 2222 1368 2260 dixit

28 2284 182 2323 Plinius
213 2292 297 2323 xlx
317 2285 384 2323 33.
445 2283 567 2322 lentus
604 2285 729 2322 cortex
763 2282 870 2321 infra.
907 2283 970 2321 est
999 2291 1032 2320 x
1053 2283 1149 2321 736.
1271 2280 1369 2320 Con-

29 2343 203 2382 iecturae
233 2344 416 2393 receptae
442 2344 535 2382 sunt
559 2343 614 2381 48
636 2341 799 2393 Ungeri,
834 2342 915 2380 163
949 2340 1140 2391 Sucherii,
1172 2341 1254 2379 461
1285 2340 1365 2378 512

93 2410 201 2438 evm
220 2411 260 2438 IL
1062 2407 1086 2438 b
