1518 2501
248 87 305 109 1111
330 85 483 108 Alaun-:a
626 69 839 105 METAMM
853 96 860 103 .

198 183 391 222 Arbuteos
424 183 526 221 setus
558 185 818 229 montanaque
850 179 957 229 fraga
988 177 1169 229 legebant

113 250 178 282 105
199 241 403 292 Cornaque
436 246 475 279 et
505 242 544 278 in
576 238 685 277 duris
716 237 917 276 haerentia
949 248 1058 275 mora
1089 235 1242 274 rubetis

199 300 248 339 Et
274 312 372 351 quae
404 298 631 337 deciderant
661 295 792 348 patula
822 295 923 334 Iovis
955 294 1096 333 arbore
1114 325 1125 346 ‚
1157 292 1339 345 glandes.

200 358 276 397 Ver
308 364 393 397 erat
423 362 625 396 aeternum
644 387 655 408 ‚
686 354 906 406 placidique
938 352 1164 405 tepentibus
1195 353 1302 391 auris

200 416 421 455 Mulcehant
451 414 608 466 zephyri
639 419 750 453 natos
782 415 866 452 sine
899 414 1046 451 semine
1078 412 1219 450 flores.

199 475 286 514 Mox
319 476 434 513 etiam
466 474 598 524 fruges
630 472 746 512 tellus
778 474 925 511 inarata
957 471 1131 522 ferebat,

113 541 180 574 110
200 533 279 572 Nec
310 537 519 571 renovatus
551 543 642 583 ager
673 530 841 582 gravidis
873 529 1036 569 canebat
1067 530 1220 568 aristis:

199 592 375 630 Flumina
405 593 481 630 iam
513 590 623 630 lactis
641 622 652 643 ,
683 591 760 628 iam
778 590 937 628 ssumina
969 589 1139 627 nectaris
1170 586 1301 639 ibant,

199 650 391 700 Flavaque
423 649 470 688 de
502 647 617 688 viridi
649 648 846 687 stillabant
877 647 964 686 ilice
997 647 1133 686 mella.

256 708 470 759 Postquam
503 707 671 746 Saturno
703 706 912 746 tenebrosa
942 708 983 745 in
1016 706 1178 745 Tartara
1202 706 1322 744 misso

200 766 281 806 Sub
309 767 396 806 Iove
429 766 599 805 mundus
632 772 744 818 erat,
776 764 898 804 subiit
927 770 1111 816 argentea
1142 763 1297 816 proles,

113 833 178 864 115
198 826 303 865 Auro
335 826 537 877 deterior,
569 824 672 863 fulvo
704 825 914 875 pretiosior
945 835 1058 862 aere.

200 884 376 936 Iuppiter
407 885 558 934 antiqui
589 884 784 922 contraxit
813 888 990 933 tempora
1021 883 1148 935 veris,
1338 889 1364 914 ί.
1383 889 1404 914 ss

199 942 354 994 Perque
386 942 537 981 hiemes
569 947 780 992 aestusque
813 947 852 980 et
882 940 1106 991 inaequales
1138 947 1346 980 autumnos

201 1001 252 1040 Et
281 1001 400 1040 breve
432 1013 500 1039 ver
532 1002 669 1052 spatiis
696 1001 825 1051 exegit
856 1004 1041 1050 quattuor
1073 1011 1241 1039 annum.

199 1060 300 1098 Tum
332 1061 503 1110 primum
530 1060 645 1097 siccis
678 1062 744 1097 aer
775 1057 996 1097 fervoribus
1030 1064 1142 1097 ustus

115 1126 180 1157 120
201 1118 368 1157 Canduit
385 1149 396 1170 ,
428 1123 469 1156 et
498 1119 624 1156 ventis
655 1117 799 1168 glacies
831 1116 1018 1155 adstricta
1048 1117 1257 1168 pependit.

201 1177 302 1216 Tum
340 1178 511 1227 primum
553 1175 709 1214 subiere
742 1175 910 1214 domus.
950 1174 1090 1214 domus
1122 1181 1233 1214 antra
1265 1176 1425 1214 fuerunt

199 1235 250 1273 Et
281 1235 392 1273 densi
424 1235 588 1273 frutices
621 1239 660 1272 et
691 1235 842 1273 vinctae
875 1235 1022 1273 cortice
1053 1235 1208 1285 virgae.

200 1293 358 1332 Semina
389 1299 474 1332 tum
505 1295 677 1344 primum
707 1292 834 1343 longis
867 1292 1039 1331 Cerealia
1065 1293 1184 1332 sulcis

202 1352 352 1390 Obruta
384 1357 505 1404 sunt,
535 1352 741 1403 pressique
773 1352 865 1402 iugo
897 1363 1082 1402 gemuere
1114 1352 1292 1391 iuvenci.

115 1418 181 1449 125
260 1410 393 1449 Tertia
423 1416 514 1461 post
542 1410 648 1448 illam
679 1411 872 1448 successit
901 1413 1020 1448 aenea
1051 1410 1206 1462 proles,
1328 1417 1357 1444 1.
1376 1417 1425 1444 iii-

203 1469 362 1507 Saevior
392 1470 559 1519 ingeniis
592 1475 632 1507 et
661 1468 708 1507 ad
740 1468 897 1506 horrida
929 1470 1148 1520 promptior
1178 1481 1308 1521 arma,

200 1527 287 1566 Non
319 1527 506 1566 scelerata
538 1533 668 1565 tamen
688 1558 696 1565 .
735 1526 781 1565 de
814 1527 913 1565 duro
934 1533 995 1566 est
1013 1527 1147 1566 ultima
1175 1528 1304 1566 ferro.
1330 1537 1359 1563 f.
1378 1536 1423 1561 ir·

201 1586 388 1624 Protinus
419 1588 563 1637 irrupit
593 1597 712 1624 venae
744 1586 891 1636 peioris
922 1587 962 1624 in
994 1598 1131 1625 aevum

203 1644 327 1683 Omne
359 1645 498 1683 nefas:
530 1645 666 1695 fugere
697 1644 826 1695 pudor
858 1652 1073 1695 verumque
1105 1645 1305 1699 fidesque3

117 1703 245 1741 1301n
277 1715 445 1753 quorum
477 1702 634 1741 subiere
665 1703 794 1741 locum
826 1702 1062 1754 fraudesque
1094 1703 1252 1755 dolique

203 1761 447 1812 Insidiaeque
481 1768 520 1800 et
550 1763 608 1800 vis
639 1767 679 1800 et
710 1773 817 1799 amor
850 1761 1064 1801 sceleratus
1095 1762 1286 1802 habendi.

203 1819 294 1858 Vela
326 1819 470 1858 dabant
501 1822 629 1858 ventis
647 1852 658 1872 ‚
691 1832 763 1859 nec
795 1820 922 1859 adhuc
952 1820 1054 1860 bene
1085 1827 1248 1861 noverat
1277 1821 1363 1861 illos

204 1877 368 1930 Navita3
400 1890 577 1929 quaeque
609 1878 678 1917 diu
711 1884 904 1918 steterant
933 1881 974 1917 in
990 1879 1208 1922 mentibus
1240 1879 1352 1933 altis,

205 1936 406 1975 Fluctibus
438 1938 581 1988 ignotis
612 1937 849 1976 insultavere
883 1939 1062 1977 carinae.

120 2002 185 2033 135
207 1994 539 2045 Communemque
571 1997 683 2047 prius
715 2008 787 2035 ceu
818 1995 965 2035 lumina
997 1997 1091 2036 solis
1123 2004 1163 2037 et
1195 2010 1312 2037 auras

207 2052 352 2091 Cautus
383 2053 546 2092 humum
576 2054 692 2105 longo
726 2056 892 2106 signavit
921 2055 1045 2095 limite
1076 2068 1259 2096 mensor.

206 2110 287 2150 Nec
314 2117 464 2150 tantum
495 2118 647 2163 segetes
680 2113 940 2165 alimentaque
973 2114 1103 2154 debita
1134 2114 1243 2154 dives

206 2169 446 2208 Poscebatur
477 2170 619 2209 liumus
637 2203 649 2223 ‚
681 2172 749 2211 sed
779 2174 879 2212 itum
920 2178 980 2212 est
1019 2175 1059 2212 in
1097 2175 1246 2213 viscera
1278 2180 1430 2214 terrae:

210 2227 393 2278 Quasque
425 2229 701 2269 recondiderat
738 2231 962 2282 Stygiisque
994 2231 1219 2272 admoverat
1255 2231 1428 2285 umbris,

122 2293 188 2324 140
208 2285 455 2325 Ess'odiuntur
488 2299 582 2339 opes
602 2319 612 2338 ,
644 2290 889 2329 irritamenta
920 2290 1135 2331 malorum.

357 2446 373 2460 Ξ
