1527 2580
580 122 613 158 V
628 149 637 168 ,
662 125 845 159 208—281
864 151 871 158 .
1003 136 1213 160 mrrocnsxu
1339 127 1393 167 95

87 240 152 272 245
173 232 343 273 Exerces
375 232 506 273 odium
525 265 537 286 ,
568 245 640 273 nec
672 235 802 286 iniqua
835 234 922 273 ilnis
953 235 991 274 in
1025 236 1079 274 ira
1114 241 1195 275 est.

173 291 375 332 Detrectas
406 293 523 331 etiam
555 291 706 332 laudem
726 325 738 346 ‚
770 294 975 344 fictamque
1007 293 1188 333 Medusae

173 351 317 402 Arguis
349 362 435 390 esse
467 362 633 390 necem.
673 348 865 391 ‘dabimus
898 351 967 390 tibi
1000 354 1158 403 pignera
1193 355 1293 392 veri.

171 408 325 449 Parcite
357 408 570 448 luminibus
590 406 615 449 !’
648 409 815 449 Perseus
848 411 930 463 ait,
961 422 1107 462 oraque
1140 412 1243 462 regis
1285 420 1313 445 ι.
1334 420 1394 445 ινὶ.

174 467 252 507 Ore
284 467 492 508 Medusaeo
525 467 674 507 silicem
708 470 790 507 sine
823 470 1010 520 sanguine
1045 470 1159 509 fecit.

85 533 152 566 250
230 525 428 566 Hactenus
461 528 668 578 aurigenae
701 528 882 566 comitem
913 527 1088 566 Tritonia
1121 528 1230 567 fratri

173 584 223 624 Se
256 584 391 624 dedit.
429 585 519 624 inde
552 597 642 624 cava
675 586 913 625 circumdata
946 585 1048 624 nube
1083 586 1275 638 Seriphon

172 642 355 696 Deserit,
387 655 407 683 a
440 643 575 683 dextra
608 643 758 695 Cythno
792 644 995 696 Gyaroque
1029 644 1201 696 relictis,

174 702 336 754 Quaque
369 714 489 754 super
521 709 684 754 pontum
717 705 774 742 via
807 705 885 742 visa
918 703 1145 742 brevissima
1165 735 1176 757 ‚
1207 702 1360 742 Thebas

171 759 479 813 virgineumque
512 760 698 800 Helicona
730 763 856 813 petit.
896 773 972 812 quo
1005 768 1136 801 monte
1168 763 1288 813 potita

87 826 152 858 255
170 818 384 872 Constitit,
415 825 455 859 et
486 819 621 859 doctas
653 821 709 859 sic
742 826 802 859 est
833 820 943 859 affata
975 832 1155 859 sorores:

175 875 304 917 ‘Fama
337 879 427 917 novi
460 878 578 918 sontis
610 884 766 918 nostras
797 879 977 930 pervenit
1009 879 1053 917 ad
1087 891 1225 932 aures,

173 936 277 976 Dura
309 936 506 976 Medusaei
540 948 655 988 quem
687 939 883 989 praepetis
915 937 1058 988 ungula
1091 939 1218 988 rupit.

173 995 209 1034 Is
242 994 335 1034 mihi
368 1006 482 1034 causa
515 996 627 1035 viae.
665 995 770 1034 volui
801 994 977 1034 mirabile
1011 995 1154 1034 sactum

175 1053 376 1093 Cernere.
414 1053 491 1093 vidi
523 1055 653 1106 ipsum
684 1059 861 1093 materno
894 1054 1082 1105 sanguine
1115 1054 1221 1092 nasci
1237 1050 1261 1092 .'

87 1120 154 1152 260
174 1111 330 1165 Excipit
360 1111 504 1152 Uranie
537 1111 824 1164 ‘quaecumque
857 1118 917 1152 est
949 1124 1063 1151 causa
1094 1111 1247 1151 videndi

173 1170 250 1210 Has
282 1170 353 1210 tibi
371 1203 382 1223 ,
415 1170 529 1223 diva,
562 1171 696 1210 domos
717 1203 728 1224 ‚
760 1173 887 1210 animo
919 1172 1138 1222 gratissima
1170 1176 1324 1210 nostro.

176 1229 273 1269 Vera
304 1236 434 1269 tamen
467 1230 566 1268 fama
597 1235 687 1282 est,
719 1235 758 1268 et
787 1229 960 1281 Pegasus
992 1229 1108 1268 huius
1135 1230 1242 1280 origo

173 1285 323 1327 Fontis’
351 1293 389 1327 et
421 1287 466 1327 ad
498 1288 632 1327 latices
665 1287 825 1327 deduxit
855 1287 1008 1327 Pallada
1041 1299 1196 1326 sacros.

175 1346 281 1393 Quae
315 1347 452 1386 mirata
479 1346 545 1386 diu
578 1346 697 1386 factas
723 1346 832 1398 pedis
864 1346 1007 1385 ictibus
1038 1345 1186 1398 undas,

89 1413 154 1445 265
178 1405 369 1445 Silvarum
402 1405 512 1445 lucos
544 1406 811 1458 circumspicit
843 1406 1116 1458 antiquarum,

174 1465 372 1515 Antraque
405 1470 444 1503 et
474 1465 691 1503 innumeris
723 1464 925 1503 distinctas
957 1462 1119 1502 floribus
1151 1461 1314 1502 herbas:

174 1522 403 1574 Felicesque
436 1527 547 1562 vocat
577 1523 725 1574 pariter
756 1522 964 1575 studioque
996 1521 1160 1573 locoque

174 1580 440 1621 Mnemonidas
461 1612 470 1621 .
509 1588 624 1633 quam
656 1582 712 1620 sic
745 1582 855 1620 affata
888 1586 949 1620 est
979 1592 1055 1620 una
1088 1591 1290 1619 sororum:

176 1637 223 1679 Ὅ
242 1671 254 1693 ,
285 1640 362 1680 nisi
392 1645 431 1680 te
463 1640 588 1679 virtus
615 1651 732 1691 opera
764 1640 809 1679 ad
843 1641 988 1678 maiora
1020 1638 1198 1690 tulisset,

89 1698 218 1738 2701n
250 1704 401 1751 partem
433 1704 597 1738 ventura
629 1699 740 1737 chori
771 1697 947 1737 Tritonia
979 1699 1128 1750 nostri,

174 1756 272 1797 Vera
304 1758 430 1796 refers
448 1788 460 1810 ,
491 1758 710 1808 meritoque
741 1755 883 1809 probas
916 1761 1098 1807 artesque
1130 1755 1362 1806 locumque:

174 1815 225 1855 Et
255 1821 404 1868 gratam
437 1821 583 1855 sortem
602 1847 613 1868 ,
644 1820 751 1855 tutae
784 1814 898 1854 modo
931 1816 1053 1853 simus
1072 1845 1083 1867 ,
1114 1813 1325 1852 habemus.

177 1873 252 1913 Sed
275 1896 329 1903 -
349 1875 512 1914 vetitum
539 1880 599 1913 est
623 1873 719 1913 adeo
740 1873 878 1913 sceleri
907 1872 1003 1912 nihil
1025 1893 1075 1900 -—
1099 1873 1226 1911 omnia
1248 1878 1395 1910 terrent

175 1932 376 1984 virgineas
407 1938 560 1973 mentes
579 1964 590 1986 ,
622 1932 809 1984 dirusque
842 1937 930 1971 ante
963 1943 1030 1970 ora
1061 1930 1262 1982 Pyreneus

99 1995 164 2028 275
176 1990 351 2032 Vertitur
369 2023 381 2045 ‚
412 1997 452 2032 et
482 1991 655 2033 nondum
688 1997 767 2031 tota
799 2002 860 2030 me
894 1995 1022 2029 mente
1056 1990 1209 2041 recepi.

176 2049 337 2090 Daulida
367 2049 549 2090 Threicio
581 2049 813 2101 Phoceaque
845 2048 966 2087 milite
999 2059 1091 2087 rura

175 2109 344 2160 Ceperat
373 2107 437 2147 ille
470 2109 578 2148 ferox
598 2140 609 2161 ‚
640 2109 861 2159 iniustaque
894 2118 1013 2158 regna
1046 2104 1226 2145 tenebat.

176 2166 337 2219 Templa
367 2166 598 2218 petebamus
629 2166 843 2206 Parnasia:
873 2165 969 2204 vidit
1000 2170 1162 2218 euntes,

176 2224 397 2277 Nostraque
430 2225 554 2264 fallaci
587 2230 794 2264 veneratus
826 2225 985 2263 numina
1016 2223 1126 2262 vultu

88 2291 156 2324 280
178 2281 477 2323 “Mnemonides
496 2280 522 2337 ‚'
556 2288 742 2335 cognorat
774 2284 876 2322 enim
895 2314 907 2336 ‚
940 2279 1158 2322 ‘consistite
1178 2278 1204 2334 ,'
1237 2280 1332 2320 dixit

178 2339 273 2384 ‘Nec
292 2341 491 2396 dubitate,
511 2354 675 2396 precor,
695 2347 798 2381 tecto
818 2353 933 2394 grave
954 2340 1062 2380 sidus
1082 2345 1121 2380 et
1139 2335 1320 2379 imbrem’
1342 2359 1394 2365 -——
