1538 2496
93 127 178 170 242
348 139 480 162 omnus
648 124 863 160 METAMM
876 151 884 159 .

210 235 320 276 Haud
354 236 442 275 tulit
473 235 638 274 ulterius
657 265 668 286 ,
701 234 906 286 clipeoque
938 234 1099 274 adversa
1130 239 1289 286 recepto

210 295 287 334 Ter
320 300 457 345 quater
489 305 557 331 ora
588 293 661 331 viri
693 297 732 331 et
763 292 900 343 capulo
934 304 1024 331 cava
1054 298 1231 344 tempora
1261 291 1413 345 pulsat3

211 353 450 402 Cedentique
483 362 653 401 sequens
684 352 832 403 instat,
864 349 1074 402 turbatque
1094 382 1105 403 ‚
1137 351 1320 403 ruitque,

125 418 189 450 135
209 412 462 460 Attonitoque
495 414 611 460 negat
642 410 848 460 requiem.
887 421 1007 460 pavor
1038 414 1205 460 occupat
1235 409 1368 461 illum,

210 471 309 508 Ante
341 468 555 519 oculosque
588 472 723 506 natant
754 467 969 507 tenebrae:
1001 473 1189 519 retroque
1222 468 1364 507 ferenti

209 528 376 567 Aversos
407 538 546 578 passus
578 526 706 565 medio
738 526 836 578 lapis
868 526 1020 566 obstitit
1051 538 1165 566 arvo.

211 587 335 632 Quem
367 597 487 637 super
518 584 719 637 inpulsum
750 586 937 637 resupino
969 590 1131 637 pectore
1165 584 1338 636 Cygnum

209 645 253 683 Vi
284 644 406 684 multa
437 645 583 697 vertit,
614 649 824 695 terraeque
858 643 1005 683 adflixit
1035 643 1226 682 Achilles.

125 711 188 742 140
208 703 309 742 Tum
340 703 465 754 clipeo
498 702 741 754 genibusque
772 714 957 754 premens
988 701 1218 754 praecordia
1249 701 1358 741 duris

208 761 341 801 Vincla
373 761 492 800 trahit
523 761 683 812 galeae:
717 773 815 812 quae
846 773 984 812 presso
1017 759 1172 800 subdita
1204 765 1334 800 mento

208 820 369 859 Elidunt
401 821 533 859 fauces
552 851 563 872 ‚
595 825 635 859 et
665 821 908 871 respiramen
939 820 1095 871 iterque

208 879 392 930 Eripiunt
423 880 572 917 animae
593 909 602 918 .
640 879 787 917 victum
819 878 985 930 spoliare
1017 877 1201 930 parabat:

208 939 324 976 Arma
343 937 480 977 relicta
500 937 622 976 videt.
648 949 790 989 corpus
811 937 908 976 deus
929 938 1111 988 aequoris
1132 936 1258 976 albam
1271 944 1295 970 f·
1311 943 1430 971 clxxiii-

125 1004 188 1035 145
210 996 383 1036 Contulit
414 997 455 1035 in
487 996 686 1035 volucrem
705 1027 716 1048 ,
749 997 861 1035 cuius
894 995 1009 1034 modo
1042 1007 1185 1034 nomen
1217 994 1405 1034 habebat.

267 1055 339 1094 Hic
371 1054 506 1107 labor,
537 1054 633 1094 haec
665 1055 843 1107 requiem
874 1054 1089 1094 multorum
1120 1066 1251 1106 pugna
1283 1054 1433 1094 dierum

208 1113 347 1153 Attulit
379 1119 418 1152 et
448 1115 587 1164 positis
617 1124 709 1164 pars
740 1118 907 1164 utraque
941 1112 1117 1152 substitit
1148 1113 1289 1152 armis.

208 1172 388 1223 Dumque
420 1171 512 1222 vigil
542 1171 734 1223 Phrygios
767 1177 896 1211 servat
927 1171 1105 1210 custodia
1136 1183 1295 1224 muros,

209 1230 259 1270 Et
289 1231 380 1282 vigil
410 1230 609 1282 Argolicas
642 1235 771 1270 servat
802 1229 979 1269 custodia
1011 1231 1159 1282 fossas,

122 1298 187 1330 150
208 1290 323 1329 Festa
355 1289 437 1329 dies
470 1289 632 1341 aderat,
665 1301 741 1340 qua
774 1287 895 1340 Cygni
925 1290 1050 1328 victor
1081 1287 1250 1328 Achilles

207 1347 361 1388 Pallada
393 1353 582 1387 mactatae
613 1347 790 1399 placabat
822 1349 1010 1398 sanguine
1043 1359 1204 1387 vaccae.

209 1407 329 1446 Cuius
361 1411 406 1445 ut
436 1407 611 1458 inposuit
640 1411 822 1458 prosecta
854 1405 1071 1445 calentibus
1104 1407 1206 1458 aris,

208 1464 258 1504 Et
289 1465 348 1504 dis
381 1470 565 1516 acceptus
597 1466 817 1516 penetravit
847 1466 888 1504 in
921 1465 1078 1504 aethera
1109 1463 1247 1516 nidor,

210 1523 329 1563 Sacra
359 1522 485 1562 tulere
518 1535 628 1562 suam
646 1554 657 1575 ,
688 1535 779 1575 pars
811 1529 871 1562 est
902 1523 990 1562 data
1022 1529 1152 1562 cetera
1183 1522 1351 1562 mensis.

123 1589 187 1622 155
208 1581 451 1621 Discubuere
484 1582 581 1620 toris
612 1593 799 1633 proceres
831 1586 871 1620 et
902 1593 1067 1633 corpora
1098 1586 1201 1620 tosta

210 1640 335 1680 Carne
367 1639 550 1693 replent,
581 1641 749 1691 vinoque
782 1639 911 1679 levant
942 1651 1136 1691 curasque
1169 1640 1374 1691 sitimque.

208 1699 295 1738 Non
326 1698 413 1738 illos
446 1698 618 1738 citharae
636 1729 647 1751 ,
678 1710 757 1737 non
789 1698 875 1737 illos
908 1700 1079 1738 carmina
1110 1709 1250 1737 vocum

208 1757 388 1809 Longave
419 1757 611 1796 multifori
643 1756 810 1796 delectat
840 1756 935 1796 tibia
966 1757 1084 1810 buxi,

211 1816 286 1856 Sed
318 1821 474 1855 noctem
506 1827 688 1855 sermone
719 1815 881 1855 trahunt
898 1847 909 1869 ‚
940 1817 1144 1867 virstssque
1174 1814 1360 1867 loquendi

123 1883 189 1914 160
209 1874 370 1914 Materia
401 1880 462 1914 est
480 1904 489 1914 .
527 1886 697 1926 pugnam
729 1875 910 1914 referunt
939 1874 1144 1925 hostisque
1176 1886 1388 1925 suamque,

209 1933 332 1984 Inque
363 1934 468 1972 vices
501 1933 603 1972 adita
635 1938 751 1984 atque
784 1933 971 1972 exhausta
1000 1932 1175 1985 pericula
1207 1944 1322 1984 saepe

210 1990 526 2031 Commemorare
558 1993 690 2031 iuvat.
729 1991 824 2043 quid
856 1993 960 2031 enim
991 1991 1220 2043 loqueretur
1245 1989 1434 2042 Achilles,

211 2049 287 2088 Aut
319 2050 411 2100 quid
438 2049 539 2101 apud
566 2062 750 2102 magnum
780 2051 911 2102 potius
936 2050 1194 2101 loquerentur
1213 2046 1435 2089 Achillem?

210 2107 391 2146 Proxima
421 2110 632 2160 praecipue
665 2108 811 2148 domito
843 2110 1004 2147 victoria
1037 2108 1167 2160 Cygno

127 2173 189 2205 165
210 2165 254 2204 In
287 2178 467 2204 sermone
500 2167 601 2206 fuit.
640 2168 767 2206 visum
797 2166 974 2206 mirabile
1007 2169 1185 2220 cunctis,

213 2223 324 2270 Quod
356 2225 488 2263 iuveni
519 2237 664 2276 corpus
696 2225 802 2264 nullo
833 2225 1076 2277 penetrabile
1106 2225 1185 2265 tesso

212 2282 480 2333 Invictumque
513 2294 534 2320 a
566 2283 726 2322 vulnere
759 2289 871 2336 erat,
903 2285 1132 2336 ferrumque
1162 2283 1336 2330 terebat,

211 2340 294 2379 Hoc
325 2341 408 2392 ipse
441 2340 627 2380 Aeacides
646 2372 657 2393 ‚
688 2341 763 2382 hoe
794 2341 1038 2383 mirabantur
1068 2342 1226 2382 Achivi.
