1518 2501
126 75 192 111 XX

242 182 348 224 LIB.
368 181 452 223 VH
483 198 518 223 V.
552 181 576 223 8
610 184 767 222 obelum
798 183 912 232 posui
943 185 990 221 ut
1021 195 1061 220 m
1092 195 1135 221 re
1167 181 1343 232 ancipiti,
1374 181 1464 220 bar-

127 245 278 283 bariem
297 244 495 294 prohibui.
540 243 642 291 quod
668 241 895 291 proecdosis
921 242 1074 291 habuit,
1101 253 1148 279 ex
1172 241 1206 278 E
1231 241 1468 290 petiveram,

134 304 285 351 Voxque
322 302 547 350 tolerabile,
587 302 758 339 wameris
788 300 897 338 nullo
930 300 1063 349 modo,
1101 311 1173 337 nec
1205 299 1239 338 si
1268 301 1352 337 tres
1384 299 1468 348 qui-

127 362 216 401 dem
258 361 415 399 labores
463 361 655 409 putentur
699 371 745 397 ex
788 372 850 397 vv.
887 359 1077 408 29—31‚
1123 358 1196 407 35,
1246 357 1314 407 qui
1362 357 1468 406 apud

126 420 382 469 Apollonium
407 419 562 456 111410
588 418 672 455 415
701 417 776 455 duo
805 419 914 466 sunt3
945 428 1102 455 numero
1129 417 1263 454 autem
1290 417 1468 455 mutasse

125 479 310 516 librarios
348 489 427 516 non
464 477 592 525 magis
625 476 814 514 credibile
846 478 925 524 est,
964 487 1083 524 quam
1118 475 1242 513 libros
1274 474 1469 523 plurimos

126 537 272 575 habere
309 536 469 584 Minyis.
532 535 681 573 habent
720 535 834 582 Visq,·
883 533 977 583 ML,
1020 535 1192 572 numeris
1228 532 1350 570 MLE.
1410 534 1470 572 vis

125 595 315 634 horrenda
346 595 521 632 laborum
551 594 668 632 datur
697 593 867 631 latinum
899 604 997 642 esse,
1030 594 1136 631 certe
1168 593 1322 642 poetae,
1352 603 1469 630 nemo

125 654 245 692 velim
283 653 495 691 existimet.
557 651 647 690 dedi
683 652 809 701 igitur
847 651 952 701 quod
988 651 1211 700 proximum
1247 651 1310 688 est
1346 652 1388 689 et
1418 650 1470 688 ad

126 712 365 751 sententiam
407 711 490 749 fere
534 711 650 748 huius
694 710 801 748 modi
844 710 1050 759 collineat,
1094 706 1319 748 ‘etiamtum
1357 721 1471 748 mora

125 765 390 819 iniciebatur',
420 769 739 818 interpunctione
765 770 857 818 post
882 782 918 807 v.
940 770 964 807 8
997 769 1164 817 mutata,
1194 770 1241 806 ut
1266 767 1371 817 quod
1389 780 1426 806 v.
1443 769 1467 806 9

126 831 188 867 est
217 830 363 869 interea
393 828 443 866 ad
481 839 569 866 eam
605 840 759 866 moram
789 827 999 866 referatur.
1059 827 1210 876 legitur
1239 826 1298 864 ita
1327 834 1360 865 x
1382 826 1468 864 643

125 898 193 926 nec
229 888 312 935 opis
347 898 458 925 mora
495 887 609 935 {onya
645 887 823 930 dabatur,
860 886 898 924 h.
919 898 951 924 0.
984 880 1307 935 ‘requirebatur'.
1368 896 1471 934 quae

125 958 203 985 vox
231 957 385 984 moram
417 945 640 995 significare
672 947 714 983 et
743 944 794 983 ab
817 944 988 983 indoctis
1018 943 1196 983 librariis
1227 943 1271 981 in
1299 945 1472 982 numeris

126 1004 327 1053 corrumpi
356 1004 544 1053 potuerit,
575 1004 663 1042 visa
693 1003 792 1041 mihi
822 1004 885 1041 est
914 1004 1088 1042 remoris.
1143 1004 1206 1041 est
1235 1001 1277 1040 id
1308 1001 1471 1040 adiecti-

125 1075 220 1102 vum
251 1062 358 1112 apud
388 1062 554 1101 Festum
584 1076 621 1111 p.
642 1063 726 1101 277
760 1061 943 1100 Remores
972 1063 1062 1100 item
1091 1062 1135 1099 in
1165 1061 1350 1109 auspiciis
1380 1070 1471 1099 aves

126 1122 305 1160 dimmtwr
336 1121 422 1158 rell.
485 1121 554 1159 sed
592 1132 692 1170 quae
731 1120 877 1158 similia
907 1120 1124 1169 habentur,
1151 1132 1188 1168 p.
1211 1120 1293 1158 197
1317 1118 1472 1158 oscines

128 1191 216 1218 wes
232 1199 282 1206 -
299 1190 414 1227 quae,
452 1191 490 1227 p.
511 1179 593 1217 245
627 1179 830 1227 Praepetes
860 1189 951 1217 aves
981 1177 1174 1222 dicuntum,
1205 1189 1320 1225 quae,
1357 1177 1471 1216 Paul.

127 1252 164 1288 p.
186 1239 356 1287 109,19
384 1238 550 1275 Inebrae
580 1249 686 1287 aves,
717 1247 831 1285 quae,
869 1248 958 1274 cum
990 1237 1126 1286 glossa
1156 1235 1335 1274 Labbaei
1365 1235 1473 1285 apud

127 1297 240 1334 Mun.
271 1309 308 1345 p.
332 1297 384 1334 76
411 1296 558 1334 Inebra
588 1291 742 1343 ὄρνεον
774 1292 1063 1343 μαντευτικόν,
1096 1294 1198 1333 Plin.
1223 1294 1273 1332 N.
1292 1295 1331 1334 h.
1362 1303 1395 1333 x
1415 1295 1467 1333 37

129 1355 243 1394 clivia
273 1355 373 1401 avis,
414 1355 519 1392 subis
550 1355 651 1398 avis,
698 1355 791 1392 sunt
827 1354 978 1392 scilicet
1013 1354 1204 1403 pleraque
1235 1353 1342 1403 apud
1371 1353 1472 1391 Var-

128 1425 282 1462 ronem,
315 1412 518 1462 Ovidium,
550 1413 723 1450 Plinium
753 1425 825 1461 pro
858 1412 1133 1451 substantivis.
1193 1412 1368 1451 indicata
1397 1412 1469 1462 igi-

127 1474 196 1510 tur
225 1473 323 1521 puto
355 1483 456 1520 quae
487 1471 593 1520 apud
623 1471 881 1520 Apollonium
913 1472 1006 1509 sunt
1036 1479 1091 1509 111
1117 1471 1363 1520 502—520,
1393 1483 1473 1509 non

128 1530 261 1580 ipsum
290 1530 390 1567 illud
422 1530 635 1579 augurium
665 1543 701 1568 v.
722 1531 818 1568 540.
867 1530 995 1567 multa
1026 1530 1131 1568 enim
1162 1531 1266 1580 sunt,
1294 1542 1395 1579 quae
1421 1529 1472 1568 ab

131 1588 274 1628 Ovidio
306 1588 435 1627 obiter
460 1588 698 1637 delibantur,
731 1588 779 1626 de
805 1600 940 1627 sorore
970 1601 1007 1626 v.
1029 1589 1097 1637 54,
1130 1588 1179 1626 de
1209 1588 1344 1627 herbis
1375 1588 1472 1626 alla·

129 1647 183 1686 tis
216 1647 284 1696 95,
315 1646 448 1695 Apoll.
482 1647 577 1696 738,
610 1648 707 1696 844,
739 1647 787 1685 de
819 1646 986 1685 dracone
1021 1648 1117 1696 149,
1148 1649 1288 1696 utpote
1319 1659 1343 1685 e
1372 1646 1472 1685 Var-

130 1705 239 1745 ronis
270 1705 432 1743 Atacini
468 1705 579 1753 poesi
615 1705 658 1743 in
687 1705 833 1755 vulgus
870 1707 977 1744 nota.
1038 1705 1130 1744 hinc
1161 1707 1249 1744 erat
1279 1705 1385 1756 quod
1417 1707 1470 1745 99

130 1767 172 1803 in
197 1771 341 1802 TESOA
366 1763 564 1814 dederam,
596 1776 674 1813 qua
698 1776 792 1803 voce
819 1761 916 1803 ἕλος
947 1764 1022 1814 Ap.
1046 1765 1128 1803 168
1161 1765 1246 1804 489
1278 1765 1473 1814 interpre-

130 1825 241 1861 tatus
278 1822 499 1860 videbatur.
560 1825 655 1861 tecta
689 1823 890 1872 Hauptius
931 1822 1082 1861 Aeetae
1120 1823 1238 1862 aedes
1277 1823 1471 1873 quomodo

132 1881 257 1930 accipi
286 1892 402 1929 posse
432 1883 564 1930 putet,
601 1893 680 1919 non
717 1894 917 1931 assequor.
979 1882 1101 1921 etiam
1136 1883 1230 1931 post
1259 1883 1472 1932 certamen,

131 1953 168 1978 v.
191 1940 286 1989 143,
319 1939 368 1977 ad
386 1951 528 1977 navem
547 1940 739 1978 victorem
763 1941 904 1978 heroas
931 1939 1140 1979 deduxisse
1165 1943 1474 1980 consentaneum

132 2001 213 2047 est3
250 2009 369 2048 quam
400 1998 448 2036 ob
480 2010 564 2036 rem
599 2000 679 2037 147
712 2011 784 2048 pro
823 1999 920 2037 satis
951 1999 1087 2048 inepto
1125 2003 1281 2048 aspectu
1316 2001 1474 2039 laetaris

131 2057 270 2095 malim
295 2063 522 2101 SECTARIS,
553 2057 637 2095 fere
663 2057 878 2096 secundum
895 2057 1029 2106 Apoll.
1048 2059 1132 2096 446
1166 2055 1269 2098 νόοε
1293 2057 1341 2098 δέ
1367 2055 1470 2097 οἱ-

133 2111 328 2163 ἑρπύζων
358 2111 575 2164 πεπότητο
607 2112 694 2163 μετ’
716 2112 831 2165 ἴχνῑα
856 2114 1129 2165 νειεομένοιο.
1174 2116 1327 2156 Statius
1347 2117 1473 2156 Theb.

133 2183 164 2212 v
184 2175 268 2212 483
288 2173 560 2221 Prosequimur
583 2176 678 2213 visu.
818 2171 901 2214 155
932 2182 1138 2214 Icuo'ros
1169 2183 1350 2216 cennos
1382 2183 1473 2215 sm1

132 2232 249 2271 facile
280 2233 474 2283 persuasi,
507 2235 550 2271 ut
581 2234 747 2282 posthac
778 2234 972 2273 ederetur.
1021 2235 1149 2273 oculos
1177 2235 1244 2274 ubi
1273 2235 1395 2284 MLE,
1426 2238 1474 2273 ut

135 2303 255 2340 supra
286 2300 334 2329 w
355 2293 408 2329 46
443 2293 532 2335 επεὶ,
565 2303 642 2330 eru.
765 2290 849 2331 162
874 2300 1001 2332 νοΤΑ
1026 2300 1183 2343 mur,
1213 2295 1259 2331 ut
1289 2302 1354 2333 xv
1375 2295 1472 2332 794.
