1527 2580
553 101 637 137 XIV
650 129 662 147 ,
687 101 871 137 veo-XV
885 128 894 145 ,
920 105 940 136 6
956 128 964 137 .
1073 114 1235 137 usnemu
1343 101 1426 144 305

207 211 375 252 Pulchra
406 210 512 252 subit
543 211 662 251 facies
694 216 733 250 et
762 210 1032 263 pulvinaribus
1064 211 1151 250 altis

207 270 396 323 Dignior,
428 276 488 310 est
519 269 643 321 qualis
675 269 839 310 trabeati
872 270 995 310 forma
1027 269 1203 316 Quirini.

265 328 401 368 Flebat
430 333 476 367 ut
505 331 692 368 amissum
717 329 915 368 coniunx:
948 340 1038 368 cum
1069 330 1175 380 regia
1207 328 1303 368 Iuno

119 395 187 427 830
208 387 286 426 Irin
318 386 364 426 ad
395 385 603 426 Hersiliam
635 387 873 426 descendere
906 387 1027 426 Ilmite
1060 399 1178 426 curvo

208 445 407 498 Imperat,
440 451 478 485 et
508 445 646 485 viduae
678 457 748 485 sua
780 447 836 485 sic
868 446 1047 485 mandata
1078 446 1254 486 referre:

208 502 255 543 Ὃ
287 509 327 544 et
356 503 404 543 de
437 502 547 544 Latio
567 535 578 556 ,
610 516 632 542 ο
666 510 704 544 et
734 504 781 543 de
814 509 930 556 gente
963 503 1105 544 Sabina

206 562 496 615 Praecipuum,
528 568 733 615 matrona,
765 561 915 616 decus,
947 562 1171 615 dignissima
1203 564 1299 603 tanti

207 622 306 661 Ante
337 621 458 660 fuisse
491 622 591 673 viri,
624 622 794 660 coniunx
826 633 931 661 nunc
963 633 1049 661 esse
1082 621 1259 675 Quirini,

122 687 188 720 835
211 679 315 719 Siste
347 685 436 719 tuos
468 679 583 719 ssetus
601 710 613 733 ,
645 685 685 719 et
715 681 750 719 si
781 679 852 719 tihi
883 691 978 719 cura
1009 679 1165 719 videndi

208 738 391 790 Coniugis
424 743 512 790 est,
544 737 642 777 duce
675 750 736 776 me
768 737 900 778 lucum
932 744 1051 791 pete,
1083 738 1181 778 colle
1215 738 1368 785 Quirini

209 796 283 842 Qui
315 797 444 849 viret,
477 802 516 835 et
547 796 736 848 templum
767 795 931 836 Romani
963 798 1066 848 regis
1099 796 1307 837 obumbrat
1322 793 1345 836 .’

208 854 372 907 [Paret,
403 859 442 894 et
473 855 513 893 in
544 861 690 894 terram
721 856 846 906 pictos
878 855 1034 907 delapsa
1065 867 1136 908 per
1167 867 1306 908 arcus,

208 912 414 952 Hersiliam
444 914 562 952 iussis
594 913 800 966 compellat
831 913 991 953 vocibus
1023 913 1096 953 Iris
1111 913 1138 965 .]

121 971 275 1012 840111a
301 971 524 1011 verecundo
556 972 618 1011 vix
650 971 790 1011 tollens
822 972 969 1011 lumina
1001 972 1110 1012 vultu

209 1027 255 1069 Ὃ
287 1029 388 1084 dea,
419 1050 475 1057 —
507 1041 675 1082 namque
706 1029 802 1070 mihi
833 1042 906 1070 nec
924 1061 936 1084 ,
967 1042 1067 1083 quae
1099 1032 1151 1070 sis
1170 1062 1181 1084 ,
1214 1031 1346 1071 dicere

1088 1095 1315 1142 promptum
1348 1096 1430 1142 est,

208 1146 257 1186 Et
287 1146 411 1199 liquet
442 1159 528 1187 esse
561 1147 672 1187 deam
704 1169 759 1176 —
791 1147 868 1188 duc
885 1178 897 1200 ‚
928 1159 951 1186 o
983 1144 1075 1187 duc'
1101 1150 1230 1200 inquit
1255 1145 1310 1188 ‘et
1336 1150 1430 1189 offer

209 1206 393 1258 Coniugis
424 1218 492 1245 ora
523 1206 646 1245 mihi.
686 1217 785 1258 quae
817 1207 850 1245 si
876 1205 990 1245 modo
1021 1218 1137 1258 posse
1168 1206 1302 1246 videre

208 1264 301 1304 Fata
332 1264 453 1304 semel
486 1264 693 1318 dederint,
726 1264 876 1304 caelum
908 1266 1106 1317 accepisse
1138 1264 1290 1305 fatebor
1305 1262 1330 1304 .’

121 1330 188 1363 845
207 1322 288 1362 Nec
319 1334 428 1362 mora
446 1354 457 1376 ,
488 1322 700 1362 Romuleos
733 1335 822 1362 cum
853 1323 1004 1374 virgine
1036 1323 1303 1363 Thaumantea

208 1381 433 1433 Ingreditur
465 1381 583 1421 colles
603 1413 612 1422 .
653 1380 726 1432 [ihi
757 1381 866 1421 sidus
898 1381 944 1420 ab
977 1381 1136 1421 aethere
1167 1382 1318 1435 lapsum

209 1439 362 1479 Decidit
392 1441 433 1480 in
464 1445 591 1479 terras
609 1471 620 1493 ,
652 1451 673 1479 a
705 1441 818 1479 cuius
851 1439 996 1479 lumine
1028 1439 1195 1492 flagrans

209 1497 399 1537 Hersiliae
430 1499 550 1538 crinis
582 1510 673 1537 cum
703 1498 832 1538 sidere
859 1499 978 1538 cessit
1007 1499 1049 1538 in
1081 1510 1218 1538 auras.
1299 1508 1328 1535 t.
1348 1508 1428 1535 cciv.

210 1555 318 1596 Hanc
349 1556 528 1596 manibus
560 1555 682 1607 notis]
715 1556 912 1596 Romanae
945 1556 1125 1596 conditor
1157 1557 1267 1597 urbis

121 1622 190 1654 850
210 1614 393 1668 Excipit,
425 1620 465 1654 et
495 1616 670 1666 priscum
701 1617 848 1666 pariter
880 1627 970 1654 cum
1002 1627 1168 1667 corpore
1200 1627 1343 1656 nomen

209 1672 362 1726 Mutat,
392 1672 615 1725 Horamque
647 1679 788 1726 vocat,
820 1684 919 1725 quae
952 1684 1058 1713 nunc
1090 1673 1159 1713 dea
1193 1675 1325 1714 iuncta

1149 1731 1315 1779 Quirino
1348 1742 1405 1772 est

344 1926 528 1980 LIBER
565 1924 836 1982 QUINTUS
873 1925 1143 1981 DECIMUS
1157 1965 1170 1981 .

211 2022 423 2070 Quaeritur
453 2025 603 2064 interea
634 2025 703 2077 qui
733 2029 862 2063 tantae
894 2023 1068 2076 pondera
1098 2023 1212 2065 molis

212 2081 413 2122 Sustineat
430 2078 659 2135 ,⁸tant0que
692 2087 809 2134 queat
839 2081 1053 2122 succedere
1083 2085 1190 2135 regi.

210 2139 386 2180 Destinat
416 2141 580 2192 imperio
612 2141 761 2180 clarum
791 2142 1024 2193 praenuntia
1054 2143 1137 2181 veri

211 2198 326 2238 Fama
357 2198 551 2238 Numam.
590 2211 668 2239 non
699 2199 764 2239 ille
795 2201 889 2239 satis
922 2211 1110 2251 cognosse
1137 2199 1301 2241 Sabinae

170 2265 190 2295 5
211 2256 346 2296 Gentis
378 2256 495 2297 habet
525 2259 655 2298 ritus:
687 2260 814 2297 animo
847 2258 993 2297 maiora
1024 2260 1158 2311 capaci

211 2315 418 2368 Concipit,
450 2322 517 2368 et,
548 2327 648 2368 quae
680 2317 732 2356 sit
762 2328 895 2356 rerum
926 2322 1094 2370 natura,
1126 2318 1315 2370 requirit.

162 2386 275 2414 ovn).
295 2388 345 2414 11.
1103 2387 1149 2419 20
