1527 2580
584 118 631 152 Vl
648 147 655 161 ,
682 122 866 154 625—698
883 148 888 154 .
1024 132 1189 154 ommru
1331 120 1412 161 125

195 227 457 280 vipereasque
490 229 565 267 ciet
599 228 728 280 Stygia
762 229 808 268 de
843 228 936 268 valle
969 241 1148 267 sorores:

193 286 243 326 Et
275 287 388 326 modo
409 318 419 338 ,
451 288 483 326 si
515 294 677 339 posset,
710 293 884 326 reserato
917 293 1076 339 pectore
1110 287 1213 326 diras

193 345 365 397 Egerere
398 345 487 384 inde
520 345 638 397 dapes
670 358 898 397 emersaque
931 347 1078 385 viscera
1110 347 1250 397 gestit:

54 422 60 427 ·
107 412 173 443 665
194 404 280 443 Flet
310 404 425 443 modo
445 436 456 455 ,
488 416 609 455 seque
642 411 752 443 vocat
784 404 942 444 bustum
975 404 1196 444 miserabile
1230 406 1332 443 nati:

193 462 306 502 Nunc
338 464 517 514 sequitur
549 463 653 502 nudo
685 465 834 514 genitas
867 463 1064 502 Pandione
1097 464 1225 502 serr0.

194 521 366 573 Corpora
399 520 656 572 Cecropidum
690 524 828 572 pennis
854 523 1024 573 pendere
1050 528 1232 574 putares:
1282 531 1309 554 τ.
1330 529 1413 555 ιειίνΑ

195 580 422 619 Pendebant
452 582 591 632 pennis
612 612 620 619 .
659 593 824 632 quarum
857 583 954 632 petit
986 581 1105 619 altera
1138 581 1274 632 silvas,

195 639 324 678 Altera
357 645 459 678 tecta
492 638 625 691 subit3
657 652 783 690 neque
817 639 943 678 adhuc
976 639 1022 678 de
1055 646 1214 691 pectore
1247 638 1375 677 caedis

107 705 175 737 670
195 696 411 737 Excessere
443 704 582 748 notae,
614 699 842 749 signataque
876 700 1063 749 sanguine
1096 699 1225 749 pluma
1259 704 1339 736 est.

196 755 261 795 llle
295 756 427 795 dolore
461 769 531 796 suo
564 769 790 808 poenaeque
824 757 1005 808 cupidine
1039 757 1147 795 velox

195 814 370 854 Vertitur
401 816 439 854 in
474 815 670 854 volucrem
690 848 701 867 ,
733 818 796 854 cui
828 821 932 854 stant
964 817 1002 854 in
1036 817 1182 854 vertice
1215 816 1380 866 cristae,

196 873 398 913 Prominet
428 874 667 913 inmodicum
700 874 908 925 praelonga
940 874 1100 925 cuspide
1134 879 1329 912 rostrum.

195 932 345 971 Nomen
377 932 509 984 Epops
543 932 718 984 volucri,
751 933 868 971 facies
901 939 1046 971 armata
1077 932 1253 971 videtur.

108 999 175 1030 675
254 990 327 1030 Hic
358 990 468 1030 dolor
505 997 594 1030 ante
633 991 735 1030 diem
772 991 988 1042 longaeque
1027 996 1200 1029 extrema
1238 996 1418 1029 senectae

196 1050 389 1101 Tempora
423 1049 629 1089 Tartareas
661 1049 860 1089 Pandiona
892 1051 998 1088 misit
1030 1049 1075 1088 ad
1109 1048 1290 1088 umbras.

198 1108 361 1160 Sceptra
392 1108 467 1147 loci
499 1121 711 1160 rerumque
745 1110 848 1160 capit
879 1107 1130 1147 moderamen
1150 1106 1417 1159 Erechtheus,

198 1167 347 1206 Iustitia
380 1166 541 1206 dubium
561 1199 571 1219 ,
603 1167 787 1206 validisne
819 1168 1018 1218 potentior
1050 1167 1189 1204 armis.

198 1226 391 1271 Quattuor
423 1225 486 1264 ille
519 1226 676 1277 quidem
707 1227 868 1264 iuvenes
896 1225 1136 1275 totidemque
1170 1230 1324 1263 crearat

111 1292 178 1324 680
199 1285 404 1324 Femineae
437 1286 584 1323 sortis:
611 1284 678 1323 sed
712 1290 796 1323 erat
827 1296 896 1335 par
928 1285 1052 1322 forma
1084 1283 1274 1334 duarum,

198 1343 228 1382 E
261 1342 403 1394 quibus
435 1342 615 1382 Aeolides
648 1342 841 1394 Cephalus
872 1349 911 1382 te
943 1343 1108 1393 coniuge
1142 1341 1256 1392 felix,

198 1402 364 1454 Procri,
395 1402 498 1441 suit:
529 1401 676 1441 Boreae
709 1401 860 1441 Tereus
890 1400 1142 1451 Thracesque
1175 1399 1390 1450 nocebant,

198 1460 423 1512 Dilectaque
455 1460 521 1499 diu
554 1461 681 1500 caruit
711 1460 809 1499 deus
841 1459 1040 1511 Orithyia,

198 1519 298 1558 Dum
330 1525 441 1570 rogat
471 1524 511 1558 et
541 1518 727 1570 precibus
759 1518 905 1558 mavult
937 1528 1052 1569 quam
1085 1517 1232 1556 viribus
1265 1519 1343 1556 uti.

112 1586 179 1618 685
198 1579 268 1617 Ast
299 1577 366 1617 ubi
392 1577 590 1617 blanditiis
621 1580 749 1629 agitur
781 1576 906 1628 nihil,
938 1576 1122 1615 horridus
1155 1578 1234 1628 ira,

200 1636 307 1683 Quae
340 1636 451 1675 solita
484 1642 545 1675 est
576 1636 630 1675 illi
663 1637 905 1687 nimiumque
938 1635 1151 1673 domestica
1183 1640 1321 1685 vento,

201 1693 266 1734 ‘Et
296 1697 437 1734 merito
457 1692 482 1734 Γ
515 1695 612 1733 dixit
644 1692 751 1745 ‘quid
785 1695 889 1733 enim
921 1705 1006 1732 mea
1038 1693 1114 1732 tela
1146 1692 1310 1743 reliqui,

201 1754 407 1793 Saevitiam
440 1760 480 1792 et
511 1755 613 1792 vires
646 1755 823 1804 iramque
855 1754 1083 1803 animosque
1115 1753 1310 1802 minaces,

199 1812 439 1863 Admovique
470 1824 639 1864 preces,
671 1824 836 1863 quarum
869 1823 931 1850 me
963 1810 1127 1849 dedecet
1159 1807 1288 1848 usus?

111 1880 180 1912 690
199 1872 298 1923 Apta
329 1871 424 1910 mihi
455 1873 513 1909 vis
540 1878 628 1909 est:
661 1873 697 1909 vi
730 1871 855 1909 tristia
887 1869 1019 1908 nubila
1049 1867 1175 1919 pe110,

200 1930 244 1969 Vi
276 1930 375 1969 freta
406 1931 588 1968 concutio
607 1961 617 1981 ,
651 1929 874 1979 nodosaque
906 1927 1046 1966 robora
1080 1932 1212 1978 verto,

201 1989 427 2039 induroque
458 1990 567 2027 nives
598 1994 639 2026 et
669 1994 794 2026 terras
826 1985 1012 2038 grandIne
1039 1985 1174 2037 pulso.

201 2047 307 2086 ldem
339 2059 410 2098 ego
443 2059 533 2086 cum
565 2047 705 2086 fratres
738 2045 843 2085 caelo
876 2057 962 2084 sum
994 2050 1132 2083 nactus
1164 2049 1299 2094 aperto
1332 2065 1385 2070 —

200 2105 297 2145 Nam
330 2104 424 2144 mihi
456 2117 616 2156 campus
648 2107 681 2144 is
714 2111 773 2143 est
805 2125 859 2131 —
894 2109 1000 2142 tanto
1040 2102 1238 2141 molimine
1273 2102 1421 2152 luctor,

113 2173 180 2204 695
201 2163 252 2204 Ut
283 2164 435 2202 medius
467 2165 613 2202 nostris
645 2162 903 2214 concursibus
935 2163 1091 2200 insonet
1121 2160 1281 2213 aether,

200 2222 447 2274 Exiliantque
482 2223 585 2261 cavis
617 2221 702 2260 elisi
735 2220 905 2260 nubibus
937 2222 1069 2272 ignes.

201 2281 306 2320 {dem
344 2293 415 2332 ego
448 2293 537 2320 cum
571 2279 672 2320 subii
705 2291 875 2319 convexa
908 2279 1096 2318 foramina
1128 2284 1281 2330 terrae,

202 2339 478 2392 Subposuique
511 2340 619 2378 ferox
653 2340 740 2377 imis
773 2350 857 2378 mea
889 2344 997 2389 terga
1030 2338 1229 2388 cavernis,
