1554 2506
182 86 264 128 178
415 104 582 128 ommim
732 97 944 134 METAMM
956 125 967 138 .

297 198 461 240 Indulsit
491 204 617 253 primo
650 203 848 260 lacrimis,
882 208 1088 263 flendoque
1122 213 1295 257 dolorem

294 257 455 298 Diffiidit
486 262 704 301 miseranda
738 277 881 306 suum.
921 281 1008 308 mox
1041 271 1180 312 deinde
1215 271 1324 327 ‘quid
1357 284 1487 320 autem

293 316 448 357 Flemus
469 315 505 357 P'
538 321 590 358 ait
624 317 773 372 ‘paelex
805 324 975 367 lacrimis
1008 329 1215 372 laetabitur
1246 336 1357 376 istis.

209 381 271 413 145
294 375 399 421 Quae
433 379 617 428 quoniam
649 380 855 437 adveniet,
886 389 1178 438 properandum
1209 392 1433 447 aliquidque

1178 453 1399 494 novandum
1431 462 1513 510 est,

261 450 389 534 slDum
422 493 513 535 licet
529 527 541 549 ,
574 502 613 536 et
644 499 817 540 nondum
848 502 1036 545 thalamos
1067 512 1173 548 tenet
1193 509 1313 551 altera
1332 519 1512 555 nostros.

290 550 518 603 Conquerar
536 586 546 607 ,
578 567 626 595 an
647 558 780 599 sileam
800 558 821 600 ¹?
852 569 1027 614 repetam
1048 565 1239 618 Calydona
1256 602 1268 622 ‚
1294 583 1476 613 morerne
1491 571 1514 614 ‘⁴²

287 609 482 651 Excedam
516 613 669 655 tectis?
701 629 748 657 an
767 650 779 670 ‚
811 620 843 659 si
875 621 969 661 nihil
1002 625 1195 680 amplius,
1228 628 1414 671 obstem?

288 668 389 714 Quid
423 673 455 710 si
487 684 548 712 nie
567 705 578 726 ‚
611 674 803 728 Meleagre
821 710 832 730 ‚
866 685 971 720 tuam
1002 695 1152 723 memor
1185 698 1271 726 esse
1304 700 1480 730 sororem

199 733 265 766 150
286 726 402 768 Forte
434 742 528 781 paro
562 732 742 789 facinus,
775 744 1042 792 quantumque
1076 743 1216 783 iniuria
1248 749 1374 798 possit

285 786 572 841 Femineusque
606 792 744 847 dolor,
777 796 947 847 iugulata
979 800 1125 851 paelice
1159 808 1281 843 testor
1294 803 1331 845 ‘?'

283 845 470 887 Incursus
503 851 656 890 animus
688 855 815 893 varios
847 856 991 897 habet.
1025 859 1206 901 omnibus
1238 863 1313 904 illis

282 904 473 946 Praetulit
505 908 693 949 imbutam
724 912 873 953 Nesseo
907 919 1095 968 sanguine
1128 926 1277 962 vestem

281 963 466 1018 Mittere,
499 979 598 1019 quae
630 971 732 1010 vires
765 971 918 1013 defecto
951 975 1088 1017 reddat
1119 982 1264 1020 amori.

195 1028 258 1060 155
280 1022 497 1076 Ignaroque
530 1025 700 1082 Lichae,
735 1032 827 1081 quid
861 1033 1014 1088 tradat,
1045 1038 1206 1092 nescia,
1238 1038 1368 1081 luctus

279 1081 365 1133 Ipsa
398 1096 490 1123 suos
523 1086 668 1126 tradit.
708 1087 937 1142 blandisque
972 1095 1190 1135 miserrima
1222 1098 1375 1153 verbis,

279 1139 385 1180 Dona
417 1142 483 1181 det
514 1143 577 1183 illa
608 1146 720 1200 viro,
754 1149 936 1190 mandat.
976 1154 1078 1204 capit
1109 1155 1257 1195 inscius
1289 1158 1430 1214 heros,

276 1198 535 1253 induiturque
568 1206 715 1244 umeris
749 1205 943 1249 Lernaeae
975 1212 1082 1251 virus
1114 1213 1324 1257 echidnae.

278 1257 382 1297 Tura
416 1259 530 1300 dabat
555 1264 691 1313 primis
725 1270 763 1304 et
795 1267 912 1307 verba
944 1273 1143 1321 precantia
1174 1272 1364 1329 flammis,

190 1322 254 1355 160
278 1316 448 1369 Vinaque
482 1332 719 1361 marmoreas
752 1331 884 1376 patera
917 1328 1103 1370 fundebat
1134 1332 1174 1370 in
1207 1344 1317 1376 aras:

274 1375 438 1416 Incaluit
469 1380 526 1418 vis
558 1380 621 1419 illa
653 1382 771 1435 mali,
805 1385 1053 1439 resolutaque
1086 1389 1251 1431 nammis

273 1434 489 1476 Herculeos
523 1437 616 1478 abiit
648 1440 722 1480 late
755 1442 894 1483 diffusa
926 1458 996 1497 per
1029 1453 1160 1488 artus.

273 1493 371 1533 Dum
404 1498 531 1547 potuit
549 1530 559 1550 ‚
592 1498 704 1538 solita
736 1503 924 1552 gemitum
956 1506 1100 1546 virtute
1133 1511 1345 1560 repressit.

271 1551 377 1592 Victa
411 1555 521 1594 malis
553 1562 759 1609 postquam
793 1566 853 1599 est
884 1564 1099 1619 patientia,
1131 1569 1303 1620 reppulit
1335 1582 1446 1625 aras,

183 1617 248 1649 165
270 1610 524 1665 implevitque
558 1618 639 1655 suis
672 1629 924 1660 nemorosum
956 1623 1117 1663 vocibus
1151 1625 1298 1668 Oeten.

271 1670 351 1710 Nec
384 1684 492 1712 mora
511 1705 522 1726 ‚
555 1673 747 1716 letiferam
780 1685 944 1719 conatur
976 1682 1155 1723 scindere
1187 1691 1358 1728 vestem:

269 1729 352 1775 Qua
385 1731 581 1786 trahitur,
616 1735 733 1775 trahit
771 1736 833 1776 illa
872 1744 1031 1795 cutem,
1063 1742 1300 1796 foedumque
1341 1747 1491 1804 relatu,

267 1788 343 1828 Aut
374 1789 510 1831 haeret
541 1793 727 1834 membris
761 1796 907 1837 frustra
939 1804 1124 1852 temptata
1156 1803 1314 1858 revelli,

267 1848 342 1886 Aut
374 1848 524 1889 laceros
557 1857 665 1892 artus
698 1859 736 1893 et
767 1856 926 1906 grandia
959 1858 1106 1911 detegit
1137 1873 1247 1902 ossa.

182 1912 245 1944 170
267 1905 351 1957 lpse
386 1920 504 1947 cruor
522 1941 533 1962 ‚
565 1911 691 1962 gelido
725 1924 796 1952 ceu
830 1912 1238 1966 quondamffimina
1270 1923 1439 1964 candens

266 1964 405 2005 Tincta
436 1967 553 2021 lacu,
586 1971 716 2010 stridit
748 1976 1009 2026 coquiturque
1042 1978 1203 2019 ardente
1237 1992 1408 2022 veneno.

263 2023 343 2062 Nec
376 2026 514 2066 modus
548 2035 635 2081 est,
668 2030 829 2071 sorbent
861 2034 992 2074 avidae
1025 2038 1252 2088 praecordia
1285 2039 1485 2096 flammae,

264 2081 555 2137 Caeruleusque
588 2088 673 2128 ssuit
706 2094 786 2129 toto
820 2091 866 2130 de
900 2105 1065 2145 corpore
1098 2097 1242 2150 sudor,

262 2141 517 2195 Ambustique
551 2153 690 2187 sonant
722 2151 860 2203 nervi,
893 2163 1085 2205 caecaque
1118 2156 1299 2196 medullis

175 2206 238 2238 175
260 2200 364 2239 Tabe
398 2201 616 2253 liquefactis
651 2207 814 2248 tendens
847 2209 893 2248 ad
926 2212 1053 2252 sidera
1085 2214 1229 2266 palmas

262 2256 460 2300 ‘Cladibus
478 2259 505 2315 ,'
538 2264 726 2305 exclamat
759 2264 985 2324 ‘Saturnia,
1016 2284 1178 2324 pascere
1211 2276 1381 2316 nostris:

259 2317 456 2374 Pasceoe,
491 2326 528 2361 et
560 2322 658 2363 hanc
689 2331 842 2377 pestem
874 2335 1037 2385 specta,
1069 2332 1269 2388 erudelis,
1302 2334 1348 2374 ab
1380 2334 1483 2392 alto,
