1518 2501
267 85 376 108 uuum
403 84 508 107 omno
651 70 864 106 METAMM
878 97 885 105 .

153 190 194 222 30
215 182 264 220 Et
295 193 428 233 pressa
462 186 521 220 est
552 181 737 232 gravitate
770 180 859 218 sui.
892 179 1146 219 circumfluus
1179 192 1293 219 umor

216 240 355 279 Ultima
389 239 562 291 possedit
593 238 838 289 solidumque
871 240 1047 277 coercuit
1079 237 1236 277 orbem.

217 299 279 337 Sic
312 298 378 336 ubi
410 298 636 349 dispositam
669 298 847 348 quisquis
881 297 954 336 fuit
985 296 1047 335 ille
1080 296 1269 349 deorum,

216 356 446 407 Congeriem
479 357 604 394 secuit
636 361 859 407 sectamque
893 357 931 394 in
964 354 1137 394 membra
1169 355 1344 408 redegit,

215 415 411 466 Principio
446 420 618 466 terram,
650 427 699 453 ne
732 426 808 453 non
841 413 1013 465 aequalis
1045 413 1092 452 ab
1126 415 1231 452 omni

156 481 198 513 35
219 473 332 511 Parte
366 473 467 510 soret
484 504 495 525 ,
527 474 656 524 magni
688 471 858 524 speciem
891 473 1118 524 glomeravit
1148 473 1188 510 in
1220 471 1349 512 orbis.

214 531 313 569 Tum
347 531 446 569 freta
478 531 641 570 diffundi
674 531 896 583 rapidisque
930 537 1151 570 tumescere
1182 532 1308 570 ventis

214 589 331 628 Iussit
363 595 402 627 et
433 589 597 628 ambitae
631 590 874 629 circumdare
906 590 1019 628 litora
1052 596 1202 628 terrae.

214 647 370 685 Addidit
401 653 440 686 et
472 648 599 687 fontes
632 654 670 687 et
701 654 835 700 stagna
866 650 1043 687 inmensa
1075 647 1285 700 lacusque,

213 705 468 757 Fluminaque
500 706 667 757 obliquis
700 708 821 746 cinxit
852 707 1014 745 declivia
1045 707 1165 759 ripis,

145 772 188 804 40
210 764 315 810 Quae
334 794 346 816 ,
377 764 529 803 diversa
560 765 655 804 locis
680 797 691 818 ,
723 767 863 817 partim
896 764 1107 804 sorbentur
1139 763 1186 803 ab
1218 766 1325 817 ipsa,

212 822 255 861 In
288 834 393 862 mare
426 825 660 874 perveniunt
690 826 861 876 partim,
893 835 1108 875 campoque
1142 829 1298 875 recepta

214 880 426 920 Liberioris
459 894 580 933 aquae
612 895 683 934 pro
716 884 811 934 ripis
844 882 958 921 litora
989 882 1168 933 pulsant.

214 939 331 978 Iussit
363 945 402 978 et
433 940 589 979 extendi
621 953 807 994 campos,
839 940 1043 980 subsidere
1074 939 1216 993 valles,

213 997 367 1036 Fronde
401 1000 479 1050 tegi
511 999 625 1038 silvas
644 1031 655 1052 ‚
687 999 880 1051 lapidosos
913 1011 1076 1050 surgere
1109 1005 1283 1038 montes.

149 1063 192 1094 45
213 1055 340 1107 thue
373 1056 471 1095 duae
504 1057 639 1096 dextra
671 1059 822 1097 caelum
854 1057 1095 1108 totidemque
1128 1059 1285 1096 sinistra

212 1114 326 1153 Parte
359 1121 494 1154 secant
524 1128 672 1169 zonae,
705 1118 839 1167 quinta
871 1122 932 1155 est
963 1115 1163 1154 ardentior
1195 1115 1294 1168 illis3

217 1172 282 1211 Sic
315 1185 412 1212 onus
445 1174 640 1213 inclusum
672 1187 836 1214 numero
870 1174 1047 1213 distinxit
1078 1173 1215 1213 eodem

215 1231 316 1270 Cura
348 1231 439 1284 dei,
471 1233 711 1284 totidemque
743 1233 876 1285 plagae
908 1232 1049 1272 tellure
1081 1238 1338 1284 premuntur.

213 1289 387 1335 Quarum
432 1302 528 1341 quae
561 1291 687 1330 media
719 1297 807 1344 est,
839 1303 915 1330 non
950 1296 1010 1330 est
1048 1290 1267 1331 habitabilis
1300 1298 1433 1346 aestu3

150 1355 193 1387 50
213 1348 286 1386 Nix
317 1350 412 1399 tegit
443 1349 517 1388 alta
548 1349 672 1390 duas:
704 1350 867 1389 totidem
898 1351 1001 1389 inter
1032 1354 1240 1401 utramque
1272 1350 1433 1404 locavit,

212 1406 536 1459 Temperiemque
569 1408 675 1447 dedit
706 1411 825 1448 mixta
857 1421 945 1459 cum
979 1409 1122 1460 frigore
1156 1409 1329 1448 flamma.

216 1464 396 1504 Imminet
426 1466 486 1505 his
519 1470 612 1519 aer3
646 1469 741 1520 qui,
774 1473 917 1518 quanto
950 1472 1010 1506 est
1040 1467 1214 1518 pondere
1246 1474 1374 1507 terrae

213 1523 370 1562 Pondus
402 1537 522 1576 aquae
555 1525 677 1565 levius
697 1557 708 1578 ‚
739 1532 846 1565 tanto
880 1531 940 1565 est
971 1527 1174 1564 onerosior
1205 1527 1308 1577 igni.

215 1581 295 1620 lllic
328 1588 366 1621 et
398 1583 558 1622 nebulas
578 1616 588 1636 ‚
620 1584 698 1624 illic
730 1586 945 1624 consistere
978 1583 1102 1623 nubes

150 1639 360 1692 551ussit‚
391 1648 431 1681 et
461 1642 649 1681 humanas
682 1649 835 1682 motura
866 1644 1039 1682 tonitrua
1071 1649 1221 1683 mentes

212 1698 261 1737 Et
294 1711 383 1738 cum
415 1700 644 1740 fulminibus
676 1702 863 1741 facientes
890 1702 1034 1752 frigora
1066 1708 1226 1741 ventos.

217 1756 284 1796 His
318 1769 473 1810 quoque
513 1772 589 1798 non
621 1762 765 1812 passim
803 1760 937 1800 mundi
969 1759 1179 1800 fabricator
1211 1760 1431 1802 habendum

213 1816 309 1854 Aera
342 1819 548 1868 permisit.
585 1820 647 1858 vix
678 1831 783 1858 nunc
815 1818 1020 1858 obsistitur
1051 1818 1150 1871 illis,

214 1874 310 1913 Cum
342 1888 410 1914 sua
443 1879 608 1928 quisque
641 1883 777 1930 regant
809 1878 961 1917 diverso
994 1877 1148 1917 flamina
1179 1883 1331 1932 tractu,

150 1939 194 1971 60
215 1933 317 1978 Quin
349 1934 495 1975 lanient
526 1936 744 1989 mundum3
777 1942 880 1976 tanta
914 1941 974 1975 est
1011 1935 1204 1975 discordia
1243 1937 1430 1978 fratrum.

213 1991 342 2030 Eurus
375 1993 420 2031 ad
453 2006 633 2033 auroram
664 1995 936 2047 Nabataeaque
969 2006 1089 2046 regna
1120 1997 1286 2035 recessit

212 2049 450 2102 Persidaque
482 2058 521 2091 et
551 2053 668 2093 radiis
702 2056 789 2106 iuga
822 2053 976 2093 subdita
1008 2055 1232 2094 matutinis.

214 2107 359 2159 Vesper
392 2116 430 2148 et
461 2112 621 2151 occiduo
656 2125 753 2164 quae
785 2113 898 2152 litora
930 2111 1011 2151 sole
1043 2118 1273 2166 tepescunt,

213 2166 392 2206 Proxima
425 2176 516 2209 sunt
546 2170 743 2222 zephyro:
777 2171 974 2224 Scythiam
1009 2177 1237 2223 septemque
1263 2172 1432 2211 trionem

151 2232 194 2264 65
215 2224 392 2265 Horrifer
423 2228 563 2267 invasit
594 2228 760 2270 boreas.
799 2231 995 2270 contraria
1025 2230 1141 2269 tellus

214 2283 390 2324 Nubibus
423 2286 587 2326 assiduis
618 2287 827 2340 pluvioque
859 2289 1047 2328 madescit
1078 2288 1124 2327 ab
1151 2293 1308 2328 austro.
