1527 2580
569 117 676 160 VIII.
703 123 908 156 otc-⁶61.
940 132 1134 156 enxnssuou.
1162 134 1282 156 mecm
1325 120 1406 163 167

187 228 274 281 lpse
306 229 435 268 locum
467 228 574 282 vidi3
607 241 694 268 nam
728 242 787 269 mc
820 229 1000 282 Pelopeia
1032 230 1211 270 Pittheus

187 287 292 326 Misit
322 289 361 326 in
394 299 482 326 arva
501 319 512 338 ,
544 299 615 327 suo
648 288 842 339 qnondam
874 294 1034 340 regnata
1066 289 1241 340 parenti.

187 345 297 385 Haud
317 345 455 398 procul
475 345 566 385 hinc
598 352 777 398 stagnum
798 353 857 386 est
876 379 886 398 ,
919 347 1033 386 tellus
1052 347 1272 386 habitabilis
1293 348 1403 399 olim,

99 412 166 444 625
186 404 300 444 Nunc
332 404 508 444 celebres
540 407 683 456 mergis
717 406 922 457 fulicisque
955 406 1195 458 palustribus
1227 406 1375 445 undae.

186 463 363 515 luppiter
394 463 471 502 huc
503 465 632 515 specie
666 464 848 516 mortali,
881 477 1048 516 cumque
1080 470 1241 516 parente

187 521 300 561 Venit
329 522 567 561 Atlantiades
598 523 735 574 positis
769 523 965 562 caducifer
998 524 1089 562 alis.

186 580 287 619 Mille
320 580 456 620 domos
489 581 618 620 adiere
637 612 648 633 ,
680 581 807 620 locum
841 583 1095 633 requiemque
1127 587 1331 634 petentes:

186 638 286 677 Mille
320 639 455 678 domos
488 639 664 678 clausere
696 652 836 679 serae.
877 646 1004 679 tamen
1037 652 1113 679 una
1146 641 1317 692 recepit,

97 705 163 736 630
185 697 306 736 Parva
338 697 525 750 quidem,
558 697 713 750 stipulis
745 705 784 738 et
816 710 937 738 canna
969 705 1070 738 tecta
1102 698 1289 750 palustri:

185 755 261 795 Sed
292 757 356 807 pia
387 755 526 795 Baucis
559 768 656 796 anus
687 757 878 811 parilique
911 763 1035 797 aetate
1067 757 1269 796 Philemon

183 813 250 853 l‘lla
283 820 376 853 sunt
407 816 518 853 annis
550 816 673 854 iuncti
705 815 947 855 iuvenalibus
966 848 977 868 ‚
1008 816 1070 855 illa

185 872 437 912 Consenuere
470 885 585 925 casa3
617 880 964 926 paupertatemque
999 875 1152 913 fatendo

183 930 359 970 Ess'ecere
392 931 515 971 levem
549 944 621 971 nec
653 934 785 983 iniqua
817 938 946 971 mente
981 933 1165 972 serendo.

96 997 162 1029 635
183 989 265 1028 Nec
297 990 448 1042 refert,
481 990 658 1028 dominos
690 991 768 1029 illic
787 1022 798 1042 ,
831 991 1046 1030 famulosne
1079 992 1281 1042 requiras:

183 1047 280 1087 Tota
312 1048 451 1087 domus
483 1048 559 1087 duo
593 1054 712 1100 sunt,
744 1049 846 1088 idem
878 1055 1094 1100 parentque
1127 1049 1364 1100 iubentque.

182 1105 286 1158 Ergo
318 1106 387 1146 ubi
418 1106 622 1146 caelicolae
655 1107 818 1158 placitos
850 1109 1014 1159 tetigere
1046 1113 1230 1160 penates,

185 1164 481 1216 Summissoque
514 1165 680 1204 humiles
712 1167 910 1205 intrarunt
941 1168 1087 1205 vertice
1120 1172 1276 1217 postes,

182 1223 355 1263 Membra
387 1236 506 1263 senex
538 1226 666 1275 posito
698 1225 811 1263 iussit
843 1224 1015 1263 relevare
1049 1224 1183 1276 sedili,

94 1290 163 1322 640
184 1281 270 1328 Quo
302 1283 558 1334 superiniecit
588 1288 738 1321 textum
771 1282 867 1321 rude
901 1281 1034 1322 sedula
1066 1282 1228 1321 Baucis.

182 1339 277 1380 Inde
310 1341 396 1380 foco
429 1340 604 1392 tepidum
637 1343 809 1380 cinerem
842 1341 1002 1380 dimovit
1033 1346 1072 1380 et
1102 1342 1212 1392 ignes

184 1399 358 1438 Suscitat
388 1399 594 1438 hesternos
627 1399 808 1450 foliisque
841 1405 880 1438 et
911 1400 1057 1438 cortice
1091 1400 1195 1438 sicco

183 1457 314 1497 Nutrit
345 1464 385 1497 et
416 1458 462 1496 ad
493 1457 666 1497 flammas
698 1459 824 1496 anima
856 1457 1039 1509 producit
1070 1457 1184 1508 anili,

182 1515 469 1568 Multifidasque
502 1516 607 1555 faces
638 1515 874 1567 ramaliaque
906 1516 1012 1555 arida
1045 1521 1148 1555 tecto

95 1582 162 1615 645
183 1574 331 1614 Detulit
355 1580 395 1614 et
426 1576 596 1627 minuit,
627 1587 824 1626 parvoque
857 1574 1027 1614 admovit
1058 1577 1177 1613 aeno.

184 1633 375 1685 Quodque
409 1646 504 1672 suus
537 1635 707 1673 coniunx
738 1635 851 1684 riguo
884 1633 1095 1684 collegerat
1126 1632 1264 1683 horto,

183 1691 358 1731 Truncat
389 1691 502 1731 holus
536 1692 666 1731 soliis.
699 1692 808 1731 furca
841 1691 942 1730 levat
972 1691 1035 1730 ille
1067 1691 1220 1730 bicorni

184 1749 348 1789 Sordida
380 1756 489 1802 terga
522 1752 604 1789 suis
636 1751 749 1801 nigro
781 1749 990 1801 pendentia
1023 1751 1153 1802 tigno,

185 1808 427 1860 Servatoque
460 1809 525 1848 diu
558 1814 711 1848 resecat
742 1808 789 1847 de
821 1814 977 1859 tergore
1010 1813 1160 1859 partem

95 1875 163 1907 650
188 1866 377 1919 Exiguam
397 1899 408 1919 ,
440 1873 665 1918 sectamque
698 1866 828 1906 domat
860 1866 1100 1905 serventibus
1132 1865 1270 1904 undis.

182 1925 337 1965 Interea
368 1925 515 1965 medias
548 1925 686 1964 fallunt
717 1924 964 1964 sermonibus
996 1924 1136 1977 horas,

96 1992 162 2024 655
184 1983 502 2035 Concutiuntque
533 1989 662 2023 torum
696 1983 743 2022 de
770 1983 875 2022 molli
906 1983 1078 2022 ssuminis
1109 1981 1196 2021 ulva

183 2042 401 2094 Inpositum
432 2042 533 2082 lecto
552 2073 564 2095 ‚
595 2042 742 2094 sponda
774 2041 1017 2093 pedibusque
1049 2040 1230 2092 salignis.

183 2099 367 2140 Vestibus
398 2100 504 2140 hunc
533 2100 691 2154 velant,
724 2112 819 2151 quas
851 2112 929 2138 non
961 2101 1036 2139 nisi
1068 2105 1245 2150 tempore
1278 2098 1376 2138 festo

184 2158 370 2199 Sternere
403 2164 670 2198 consuerant:
702 2158 770 2198 sed
810 2164 849 2197 et
879 2158 975 2197 haec
1011 2157 1177 2209 vilisque
1215 2162 1406 2208 vetusque

183 2217 310 2257 Vestis
342 2223 454 2270 erat,
484 2217 586 2257 lecto
618 2229 697 2256 non
728 2216 963 2268 indignanda
995 2216 1166 2268 saligno.

96 2284 164 2317 660
183 2275 415 2316 Accubuere
447 2275 510 2315 dei
529 2306 538 2315 .
576 2287 751 2315 mensam
782 2276 982 2314 succincta
1013 2280 1265 2326 tremensque

184 2335 300 2374 Ponit
331 2346 428 2374 anus
448 2364 457 2374 .
494 2345 651 2374 mensae
683 2332 752 2373 sed
784 2339 868 2373 erat
898 2345 968 2386 pes
998 2334 1139 2373 tertius
1170 2334 1306 2385 inpar:
