1554 2506
169 80 223 121 36
420 92 526 114 ARCAS
721 77 789 112 ME
795 77 935 113 TAMM
951 104 957 112 .

199 197 264 230 505
284 190 419 229 Arcuit
451 190 724 240 omnipot.enS‚
756 188 981 238 pariterque
1013 188 1197 238 ipsosque
1230 188 1417 239 nefasque

287 247 481 300 Sustulit,
515 254 552 286 et
583 246 700 285 celeri
732 251 863 296 raptos
895 258 965 297 per
998 247 1125 284 inania
1157 251 1272 285 vento
1386 254 1414 280 ι.
1435 255 1501 281 xvi.

285 306 462 358 Inposuit
488 305 593 344 caelo
626 305 829 354 vicinaque
861 304 988 343 sidera
1021 305 1135 343 fecit.

344 364 533 403 Intumuit
564 363 659 401 Iuno
679 394 689 414 ,
721 368 925 413 postquam
959 364 1062 401 inter
1095 362 1222 401 sidera
1254 362 1388 414 paelex

284 423 435 474 Fulsit,
468 428 506 460 et
537 421 583 460 ad
616 433 749 460 canam
782 421 983 460 descendit
1013 423 1054 459 in
1086 433 1254 472 aequora
1286 420 1437 473 Tethyn

198 490 265 522 510
285 481 561 531 Oceanumque
595 492 728 519 senem
747 511 758 532 ,
791 492 958 531 quorum
992 481 1210 518 reverentia
1240 481 1361 519 movit

285 539 408 590 Saepe
440 539 562 591 deos,
595 550 828 589 causamque
860 540 942 577 viae
976 538 1207 577 scitantibus
1239 539 1347 578 infit:

286 596 530 649 ‘Quaeritis,
562 597 748 636 aetheriis
782 609 901 648 quare
934 599 1067 648 regina
1100 597 1264 636 deorum

285 656 451 695 Sedibus
483 656 559 695 huc
592 655 714 694 adsim
733 652 754 694 ⁴?
785 667 856 706 pro
889 668 950 694 me
983 661 1091 694 tenet
1122 655 1242 694 altera
1274 655 1445 695 caelum.

283 714 448 753 Mentiar
466 746 477 766 ,
509 713 721 753 obscurum
754 716 828 752 nisi
860 725 936 752 nox
969 726 1057 753 cum
1090 714 1228 753 fecerit
1258 713 1418 766 orbem,

195 782 261 813 515
282 773 417 824 Nuper
448 773 656 812 honoratas
689 784 839 811 summo
859 781 986 838 >inea
1019 771 1208 823 vulnera,
1240 772 1345 811 caelo

283 831 465 871 Videritis
497 831 627 870 stellas
658 831 737 870 illic
755 863 766 883 ,
798 830 865 869 ubi
897 830 1068 870 circulus
1101 842 1211 870 axem

283 890 450 929 Ultimus
483 896 703 929 extremum
735 891 939 941 spatioque
970 889 1225 928 brevissimus
1257 888 1398 929 ambit.

284 949 354 988 Est
384 961 476 987 vero
495 981 506 1001 ,
538 961 610 987 cur
642 949 729 999 quis
761 947 950 987 Iunonem
982 948 1136 987 laedere
1168 947 1266 987 nolit

284 1007 559 1058 offensamque
591 1012 733 1045 tremat
752 1004 773 1046 ἱ)
805 1019 904 1058 quae
935 1019 1097 1058 prosum
1129 1006 1210 1046 sola
1241 1004 1453 1046 nocendo?

195 1074 263 1105 520
283 1065 314 1105 Ο
333 1097 344 1118 ,
377 1078 447 1117 ego
469 1071 657 1116 quantum
685 1066 746 1116 egi
765 1064 774 1104 l
808 1077 923 1116 quam
943 1072 1049 1104 vasta
1069 1066 1242 1116 potentia
1269 1070 1404 1104 nostra
1423 1065 1504 1105 est!

282 1124 378 1162 Esse
411 1124 608 1162 hominem
639 1125 774 1176 vetui,
807 1124 905 1162 sacta
938 1129 998 1162 est
1029 1123 1129 1163 dea.
1167 1125 1225 1162 sic
1256 1136 1328 1175 ego
1358 1136 1504 1176 poenas

283 1182 470 1221 Sentibus
502 1183 646 1233 inpono
665 1214 676 1234 ,
709 1183 765 1220 sic
797 1187 857 1220 est
888 1194 973 1221 mea
1004 1194 1142 1233 magna
1173 1188 1370 1234 potestas.

282 1241 462 1280 Vindicet
492 1242 689 1291 antiquam
723 1241 861 1279 faciem
892 1240 1101 1291 vultusque
1135 1241 1282 1280 ferinos

282 1299 495 1352 Detrahat,
527 1299 704 1350 Argolica
736 1298 839 1349 quod
872 1301 911 1337 in
944 1305 1032 1338 ante
1058 1299 1281 1338 Phoronide
1312 1298 1428 1340 fecit!

195 1365 262 1397 525
285 1357 363 1397 Cur
395 1370 474 1396 non
507 1363 545 1396 et
576 1358 688 1409 pulsa
721 1357 838 1396 ducat
869 1357 1017 1396 Iunone
1036 1389 1048 1410 ,
1079 1370 1246 1409 meoque

283 1416 456 1455 Collocet
486 1418 526 1455 in
558 1416 725 1455 thalamo
744 1448 755 1468 ,
787 1427 1048 1467 socerumque
1081 1415 1260 1468 Lycaona
1292 1415 1454 1457 sumat?

283 1476 331 1514 At
361 1487 429 1513 vos
462 1476 494 1513 si
524 1474 650 1513 laesae
683 1480 931 1526 contemptus
963 1476 1087 1526 tangit
1117 1475 1317 1527 alumnae,

283 1533 445 1584 Gurgite
478 1533 658 1572 caeruleo
693 1532 852 1584 Septem
883 1533 1088 1584 prohibete
1120 1535 1294 1588 triones,

284 1591 499 1643 Sideraque
530 1593 570 1630 in
603 1591 709 1630 caelo
741 1593 868 1643 stupri
899 1592 1080 1631 mercede
1112 1599 1269 1644 recepta

190 1659 256 1689 530
277 1650 414 1689 Pellite
433 1682 445 1702 ,
476 1662 525 1689 ne
557 1662 656 1702 puro
689 1651 891 1701 tinguatur
921 1652 962 1689 in
994 1663 1164 1702 aequore
1195 1651 1331 1702 paelex
1344 1648 1369 1691 .'

340 1708 386 1747 Di
418 1710 536 1747 maris
569 1709 814 1747 adnuerant.
852 1708 971 1748 habili
1005 1709 1187 1748 Saturnia
1218 1722 1339 1750 curru

283 1767 505 1818 Ingreditur
530 1766 722 1818 liquidum
753 1767 968 1818 pavonibus
1001 1768 1159 1807 aethera
1190 1770 1329 1820 pictis:

282 1824 376 1864 Tam
409 1838 534 1877 nuper
566 1827 680 1876 pictis
713 1838 826 1865 caeso
858 1825 1073 1877 pavonibus
1105 1827 1235 1878 Argo,

284 1884 408 1929 Quam
445 1890 488 1923 tu
520 1896 646 1935 nuper
678 1896 788 1936 eras,
820 1896 909 1923 cum
942 1885 1129 1946 candidus
1161 1891 1250 1924 ante
1281 1886 1469 1939 fuisses„

192 1949 262 1982 535
284 1942 407 1981 Corve
438 1942 608 1995 loquax,
641 1942 769 1982 subito
803 1944 1002 1994 nigrantes
1034 1955 1170 1982 versus
1202 1945 1242 1983 in
1275 1944 1375 1984 alas.

283 2000 378 2039 Nam
411 2001 484 2039 fuit
514 2001 609 2040 haec
642 2001 836 2052 quondam
868 2003 990 2041 niveis
1022 2008 1206 2053 argentea
1236 2005 1375 2054 pennis

283 2058 401 2111 Ales,
433 2065 477 2097 ut
508 2066 694 2110 aequaret
725 2065 826 2099 totas
857 2061 942 2099 sine
974 2059 1059 2099 labe
1092 2060 1317 2114 columbas,

283 2116 364 2155 Nec
396 2120 607 2156 servaturis
639 2119 745 2170 vigili
777 2118 962 2170 Capitolia
994 2131 1088 2158 voce

285 2174 451 2214 Cederet
481 2176 685 2216 anseribus
717 2190 790 2216 nec
823 2179 967 2217 amanti
997 2177 1157 2217 flumina
1188 2190 1333 2230 cycno.

198 2242 263 2272 540
284 2233 433 2284 Lingua
465 2234 539 2273 fuit
570 2235 738 2274 damno.
776 2236 908 2287 lingua
935 2237 1101 2275 faciente
1133 2236 1288 2287 loquaci

285 2291 360 2337 Qui
393 2291 499 2331 color
531 2292 640 2332 albus
673 2300 785 2344 erat,
817 2307 922 2334 nunc
954 2300 1015 2334 est
1045 2297 1267 2335 contrarius
1299 2294 1385 2335 albo
