1527 2580
580 126 627 160 IV
648 155 656 170 ,
684 130 865 162 209—281
883 154 890 161 .
1061 140 1183 162 curu:
1354 128 1407 169 73

103 243 171 275 245
191 235 253 275 Nil
284 235 349 275 illo
383 236 509 274 fertur
540 235 741 274 volucrum
775 236 998 275 moderator
1029 248 1220 287 equorum

190 293 284 333 Post
315 293 602 332 Phac'eihonteos
634 294 776 333 vidisse
803 294 997 334 dolentius
1029 296 1160 346 igneS.

189 351 256 391 Ille
289 352 447 403 quidem
478 351 625 403 gelidos
657 352 855 392 radiorum
887 352 1034 392 viribus
1067 360 1174 392 artus

191 409 232 449 Si
264 415 381 462 queat
411 411 450 449 in
483 412 611 449 vivum
631 443 641 463 ‚
674 416 865 463 temptat,
898 423 1079 450 revocare
1111 412 1302 451 calorem.

190 468 267 508 Sed
301 470 482 520 quoniam
516 470 632 508 tantis
659 469 778 508 satum
812 470 1014 508 conatibus
1047 469 1197 523 obstat,

104 535 172 566 250
193 527 357 566 Nectare
391 526 552 566 odorato
585 530 730 579 sparsit
762 540 983 579 corpusque
1016 528 1247 580 locumque,

190 585 386 636 Multaque
417 592 677 637 praequestus
709 583 876 637 “tanges
908 592 1036 625 tamen
1068 583 1256 626 aethera”
1292 587 1408 626 dixit.

189 644 377 683 Protinus
408 643 602 683 imbutum
635 644 792 683 caelesti
824 650 981 684 nectare
1014 657 1158 697 corpus

189 701 348 741 Dilicuit
378 707 601 754 terramque
634 715 704 742 suo
738 702 944 742 madefecit
975 703 1118 756 odore3
1225 712 1252 739 f.
1272 713 1409 739 xxxviii.

190 760 384 812 virgaque
415 773 487 812 per
518 761 672 812 glaebas
705 763 850 799 sensim
882 761 1078 800 radicibus
1110 763 1205 801 actis

103 825 170 857 255
190 818 320 858 Turea
351 820 552 871 surrexit,
586 819 857 870 tumulumque
891 822 1091 859 cacumine
1125 822 1252 872 rupit.

250 878 299 916 At
330 876 479 928 Clytien
499 909 510 929 ‚
543 879 716 928 quamvis
749 890 857 916 amor
889 890 1075 917 excusare
1108 878 1306 932 dolorem,

193 935 463 987 lndiciumque
495 935 606 974 dolor
638 942 820 988 poterat,
852 948 930 975 non
962 936 1127 988 amplius
1159 943 1295 976 auctor

190 993 306 1033 Lucis
337 993 416 1032 adit
447 993 687 1045 Venerisque
720 994 879 1033 modum
910 994 983 1033 sibi
1015 995 1107 1034 fecit
1137 995 1177 1034 in
1209 995 1293 1034 illa.

190 1051 334 1091 Tabuit
364 1064 411 1091 ex
442 1052 506 1090 illo
526 1084 537 1104 ‚
569 1052 772 1092 dementer
804 1052 1001 1091 amoribus
1032 1065 1102 1092 usa

103 1118 171 1149 260
190 1110 395 1163 Nympha,
426 1123 565 1162 parum
605 1113 786 1163 patiens;
818 1116 858 1150 et
888 1111 961 1150 sub
993 1110 1080 1150 Iove
1120 1117 1233 1150 nocte
1272 1112 1411 1163 dieque

191 1168 302 1208 Sedit
331 1168 451 1208 humo
484 1170 617 1221 nuda,
649 1169 763 1208 nudis
795 1171 991 1222 incompta
1024 1169 1194 1221 capillis.

191 1227 347 1279 Perque
379 1239 518 1266 novem
550 1227 658 1266 luces
690 1240 830 1279 expers
861 1227 1066 1278 undaeque
1099 1227 1254 1279 cibique

191 1285 295 1325 Rore
327 1297 436 1325 mero
468 1285 716 1337 lacrimisque
749 1287 832 1324 suis
862 1287 1007 1325 ieiunia
1038 1288 1163 1338 pavit,

191 1343 272 1383 Nec
303 1356 345 1383 se
377 1345 497 1383 movit
527 1344 675 1383 humo.
714 1350 866 1383 tantum
897 1344 1098 1395 spectabat
1129 1346 1258 1383 euntis

104 1409 170 1440 265
191 1402 269 1442 Ora
301 1402 393 1455 dei,
424 1402 634 1454 vultusque
667 1415 758 1441 suos
791 1402 972 1442 flectebat
1003 1403 1050 1441 ad
1081 1402 1212 1441 illum.

190 1459 364 1500 Membra
396 1460 528 1500 serunt
558 1461 729 1500 haesisse
761 1460 843 1499 solo
862 1492 874 1513 ‚
904 1466 1133 1512 partemque
1166 1461 1307 1499 coloris

191 1518 361 1558 Luridus
393 1531 610 1570 exsangues
642 1519 765 1571 pallor
798 1520 991 1558 convertit
1022 1521 1061 1558 in
1093 1518 1258 1571 herbas3

191 1577 263 1617 Est
293 1579 334 1616 in
365 1583 476 1628 parte
507 1577 630 1616 rubor
648 1609 659 1631 ‚
690 1577 890 1628 violaeque
923 1577 1144 1617 simillimus
1176 1589 1243 1616 ora

191 1635 280 1675 Flos
300 1637 398 1687 tegit
416 1667 425 1675 .
457 1635 520 1674 illa
541 1647 679 1689 suum,
700 1638 874 1687 quamvis
895 1635 1023 1674 radice
1046 1641 1202 1675 tenetur
1215 1667 1225 1686 ‚
1249 1645 1277 1670 f.
1296 1645 1411 1670 xxxix.

106 1701 173 1733 270
193 1693 368 1733 Vertitur
401 1693 447 1732 ad
481 1694 641 1745 Solem,
673 1699 897 1745 mutataque
931 1699 1060 1733 servat
1089 1705 1261 1732 amorem
1276 1690 1300 1732 .'

253 1751 439 1805 Dixerat,
471 1758 511 1791 et
541 1753 686 1791 sactum
719 1752 894 1790 mirabile
927 1757 1085 1803 ceperat
1116 1764 1252 1791 aures.

193 1810 290 1850 Pars
322 1811 407 1849 fieri
438 1812 613 1862 potuisse
646 1816 816 1862 negant.
854 1822 945 1862 pars
976 1811 1105 1849 omnia
1135 1822 1248 1849 veros

191 1869 313 1908 Posse
345 1868 439 1908 deos
470 1874 717 1908 memorant.
756 1868 824 1907 sed
857 1881 934 1907 non
968 1874 1027 1907 est
1045 1868 1222 1907 Bacchus
1248 1870 1288 1907 in
1313 1868 1411 1908 illis.

192 1927 374 1966 Poscitur
404 1927 581 1966 Alcithoe
599 1959 612 1980 ‚
642 1932 849 1979 postquam
881 1926 1024 1965 siluere
1057 1938 1236 1966 sorores.

105 1992 172 2024 275
193 1985 302 2031 Quae
334 1985 442 2024 radio
475 1987 614 2025 stantis
645 1997 883 2037 percurrens
915 1986 1078 2024 stamina
1110 1984 1207 2024 telae

192 2041 391 2094 ‘Vulgatos
423 2040 548 2083 taceo'
582 2043 678 2082 dixit
710 2040 893 2095 ‘pastoris
919 2055 1071 2082 amores
1314 2052 1344 2079 ι.
1363 2051 1412 2077 xi.

192 2101 404 2153 Daphnidis
435 2101 567 2154 idaei,
599 2114 716 2153 quem
748 2101 914 2153 nymphe
947 2101 1106 2153 paelicis
1137 2103 1194 2142 ira

193 2159 367 2199 Contulit
397 2161 437 2198 in
469 2172 633 2199 saxum:
665 2165 796 2199 tantus
829 2159 939 2198 dolor
970 2161 1051 2199 urit
1081 2165 1276 2199 amantes,

191 2217 273 2257 Nec
303 2217 443 2268 loquor
461 2249 472 2270 ,
503 2223 548 2256 ut
579 2217 773 2269 quondam
805 2223 965 2257 naturae
997 2219 1083 2258 iure
1115 2223 1255 2257 novato
1300 2226 1329 2254 f.
1349 2226 1410 2253 111.

105 2283 173 2316 280
192 2275 409 2327 Ambiguus
441 2276 560 2314 fuerit
592 2275 705 2314 modo
738 2277 825 2330 vir,
856 2276 971 2315 modo
1004 2277 1147 2316 semina
1180 2276 1340 2316 Sithon.

192 2333 248 2373 Te
280 2346 459 2386 quoque,
491 2345 596 2373 nunc
628 2334 811 2388 adamas,
843 2335 1038 2386 quondam
1065 2335 1249 2374 fidissime
1270 2346 1410 2387 parvo,
