1527 2580
560 79 646 115 XIV
659 107 669 124 ,
696 82 880 115 133—204
891 107 899 115 .
997 92 1220 115 rom‘russucs
1315 79 1398 122 287

92 198 159 230 170
179 189 222 230 Si
252 191 382 230 minus
413 191 569 229 Aenean
602 201 769 229 veneror
799 192 1005 240 genitore.
1044 201 1116 228 nec
1149 201 1333 240 umquam

177 248 275 288 Esse
308 250 402 288 satis
433 256 570 300 potero
590 280 601 300 ‚
632 254 828 300 praestem
860 248 952 287 licet
982 250 1111 287 omnia
1129 280 1140 300 ‚
1171 255 1328 300 gratus.

179 307 291 353 Quod
323 307 463 359 loquor
495 314 534 346 et
565 309 670 358 spiro
703 306 932 357 caelumque
966 314 1003 345 et
1036 307 1163 346 sidera
1196 307 1288 346 solis

177 365 360 418 Respicio
378 397 390 418 ,
421 367 620 418 possimne
653 367 830 416 ingratus
863 372 902 404 et
932 366 1124 405 inmemor
1156 377 1242 405 esse
1263 363 1284 405 *Ρ

177 424 245 464 1110
277 423 414 477 dedit,
447 424 551 476 quod
584 436 662 463 non
693 426 820 463 anima
851 423 946 462 11300
979 424 1158 476 Cyclopis
1189 426 1230 464 in
1262 436 1329 464 ora

93 490 159 523 175
179 482 325 535 Venit3
358 489 427 535 et,
458 489 503 522 ut
533 485 608 522 iam
641 495 746 522 nunc
777 482 909 522 lumen
942 482 1055 522 vitale
1088 483 1331 536 relinquam,

177 541 230 581 Ut
259 541 411 581 tumulo
443 548 511 581 aut
541 548 648 580 certe
682 553 760 580 non
792 541 854 580 illa
888 542 1033 580 condar
1064 543 1103 580 in
1136 541 1242 581 alvo.

178 600 281 646 Quid
306 599 401 639 mihi
426 605 521 639 tunc
549 601 667 638 animi
686 622 743 627 —-
764 601 839 638 nisi
865 601 897 638 si
925 602 1040 639 timor
1067 599 1227 639 abstulit
1246 612 1401 639 omnem

178 658 348 698 Sensum
379 660 631 710 animumque
664 679 719 687 —
752 658 826 697 suit
843 689 855 711 ,
887 670 976 697 cum
1009 670 1075 697 vos
1106 665 1242 710 petere
1274 659 1348 698 alta

1242 718 1402 758 relictus

176 777 357 828 Aequora
389 773 617 828 conspexi?
648 776 753 816 volui
784 775 994 816 inclamare
1013 808 1024 828 ‚
1058 776 1126 815 sed
1157 776 1261 816 hosti

91 842 157 876 180
177 835 352 874 Prodere
383 847 446 874 me
478 836 620 874 timui.
659 841 811 874 vestrae
844 847 1001 886 quoque
1034 834 1180 874 clamor
1212 835 1334 874 Ulixis

175 893 305 933 Paene
337 895 413 933 rati
444 895 606 933 nocuit.
646 893 752 945 vidi,
785 906 874 933 cum
907 899 1038 933 monte
1070 894 1225 933 revulso

178 952 380 992 inmanem
412 951 619 1004 scopulum
650 951 797 991 medias
828 954 1008 1004 permisit
1039 954 1079 991 in
1111 952 1260 1005 undas;

175 1010 262 1050 Vidi
293 1012 439 1050 iterum
469 1010 592 1050 veluti
622 1011 810 1050 tormenti
841 1010 991 1050 viribus
1023 1017 1108 1051 acta

176 1069 291 1109 Vasta
323 1069 512 1121 Giganteo
543 1069 779 1108 iaculantem
811 1081 901 1108 saxa
931 1069 1101 1120 lacerto,

90 1136 156 1169 185
177 1128 257 1180 Et,
288 1140 337 1167 ne
370 1128 611 1180 deprimeret
640 1128 784 1167 ssuctus
815 1129 988 1167 iactusve
1021 1130 1216 1180 carinam,

175 1187 370 1226 Pertimui
387 1218 399 1239 ‚
430 1188 507 1225 iam
539 1199 601 1226 me
633 1198 712 1225 non
744 1198 831 1225 esse
865 1186 1010 1226 oblitus
1042 1188 1082 1225 in
1114 1186 1200 1225 illa.

177 1245 229 1285 Ut
258 1257 352 1285 vero
384 1246 474 1297 suga
505 1257 573 1284 vos
606 1244 652 1284 ab
685 1244 825 1284 acerba
857 1250 983 1284 morte
1016 1245 1195 1297 reduxit,

176 1304 244 1344 Ille
276 1303 436 1356 quidem
466 1309 586 1343 totam
618 1303 889 1355 gemebundus
921 1303 1143 1343 obambulat
1173 1304 1359 1357 Aetnam,

176 1363 522 1415 Praetemptatque
554 1374 671 1401 manu
704 1362 847 1415 silvas,
879 1368 920 1401 et
949 1362 1106 1401 luminis
1139 1361 1260 1402 orbus

90 1429 157 1463 190
177 1421 357 1474 Rupibus
388 1423 594 1473 incursat,
625 1420 855 1472 foedataque
886 1420 1068 1460 bracchia
1099 1420 1189 1460 tabo

176 1480 221 1520 In
252 1492 359 1520 mare
390 1479 631 1532 protendens
663 1485 821 1531 gentem
853 1486 1080 1519 exsecratur
1105 1479 1312 1532 Achivam,

176 1540 304 1591 Atque
336 1540 390 1578 ait
421 1535 476 1577 “o
507 1540 540 1578 si
573 1539 662 1589 quis
694 1538 842 1577 reserat
865 1538 961 1577 mihi
994 1550 1106 1578 casus
1138 1537 1301 1590 Ulixen,

176 1598 255 1637 Aut
285 1597 455 1648 aliquem
486 1609 508 1636 e
540 1598 657 1636 sociis
675 1627 687 1648 ,
716 1598 757 1635 in
790 1608 907 1648 quem
938 1608 1023 1636 mea
1056 1598 1200 1635 saeviat
1231 1599 1312 1649 ira,

176 1655 337 1696 Viscera
368 1657 481 1695 cuius
513 1655 625 1694 edam
643 1686 655 1707 ,
686 1656 800 1694 cuius
830 1656 998 1694 viventia
1029 1654 1165 1694 dextra

91 1723 158 1756 195
177 1713 353 1754 Membra
384 1725 470 1753 mea
500 1713 672 1765 laniem,
705 1715 817 1752 cuius
849 1713 944 1752 mihi
976 1715 1133 1765 sanguis
1164 1713 1330 1753 inundet

179 1773 323 1812 Guttur
341 1804 352 1825 ,
384 1778 425 1812 et
454 1772 540 1812 elisi
571 1771 771 1823 trepident
801 1771 874 1810 sub
907 1771 1090 1811 dentibus
1122 1771 1252 1811 artus!

179 1831 305 1879 Quam
335 1830 486 1870 nullum
518 1837 586 1870 aut
615 1831 698 1870 leve
731 1832 782 1870 sit
813 1831 996 1870 damnum
1028 1830 1123 1869 mihi
1154 1830 1254 1870 lucis

1143 1889 1343 1940 ademptae
1357 1885 1400 1929 !''

179 1948 284 1989 Haec
315 1953 355 1989 et
385 1949 497 2001 plura
530 1950 666 1989 ferox.
706 1961 767 1987 me
799 1949 950 1988 luridus
982 1954 1147 2000 occupat
1178 1948 1319 1987 horror

180 2008 433 2060 Spectantem
465 2008 595 2047 vultus
627 2009 841 2047 etiamnum
873 2007 990 2046 caede
1022 2007 1224 2046 madentes

91 2075 160 2108 200
179 2066 447 2118 Crudelesque
479 2079 616 2106 manus
649 2073 689 2105 et
718 2067 874 2105 inanem
905 2066 1063 2105 luminis
1094 2065 1253 2118 orbem,

178 2124 430 2177 Membraque
463 2131 502 2164 et
533 2125 702 2164 humano
737 2130 961 2165 concretam
993 2126 1181 2176 sanguine
1214 2123 1398 2164 barbam.

178 2184 283 2223 Mors
309 2189 393 2223 erat
418 2189 508 2223 ante
534 2183 668 2223 oculos
687 2215 698 2236 ,
724 2185 929 2223 minimum
954 2189 1084 2224 tamen
1105 2183 1168 2222 illa
1188 2183 1398 2222 malorum.

178 2242 228 2282 Et
258 2244 334 2282 iam
365 2254 604 2294 prensurum
622 2274 633 2295 ,
664 2244 740 2281 iam
771 2254 876 2282 nunc
907 2254 991 2282 mea
1023 2244 1172 2282 viscera
1203 2241 1316 2281 rebar

177 2300 223 2341 ln
254 2313 324 2342 sua
355 2313 608 2355 mersurum;
640 2302 841 2353 mentique
872 2300 1065 2341 haerebat
1087 2303 1212 2351 imago
