1538 2496
126 114 212 156 250
367 124 518 148 causus
674 107 891 144 METAMM
904 133 913 145 .

241 225 339 263 Ante
373 221 506 261 oculos
539 225 615 258 stat
646 224 685 258 et
715 218 780 257 ille
811 230 950 272 meos,
983 219 1051 269 qui
1082 229 1176 258 sena
1206 217 1365 258 leonum

153 291 221 322 430
241 282 427 321 Vinxerat
458 281 561 318 inter
594 289 635 316 se
669 277 828 316 conexis
860 276 1002 316 vellera
1033 276 1170 330 nodis,

239 340 502 380 Phaeocomes
521 368 532 389 ‚
557 336 834 386 hominemque
861 335 976 374 simul
994 340 1198 387 protectus
1218 346 1464 387 equumque:

240 398 381 438 Codice
415 397 482 447 qui
514 396 633 433 misso
652 426 663 447 ,
695 406 813 445 quem
843 395 906 433 vix
937 395 1027 445 iuga
1058 393 1150 433 bina
1181 399 1407 446 moverent,

152 466 219 497 433
240 455 467 507 Tectaphon
500 452 692 492 Oleniden
724 465 744 491 a
776 464 928 491 summo
960 453 1107 492 vertice
1139 452 1307 492 frendit.

153 524 220 556 439
241 516 310 554 Ast
342 526 413 565 ego
432 545 443 566 ,
470 512 562 551 dum
587 517 699 564 parat
723 510 829 551 hunc
855 512 974 550 armis
1000 511 1149 550 nudare
1180 512 1396 564 iacentem,
1412 532 1465 539 —
1534 525 1538 550 ιτ

241 573 323 612 Scit
353 578 446 611 tuus
478 571 552 610 hoc
584 571 738 622 genitor
773 591 823 597 —
859 570 1029 622 gladium
1061 569 1265 621 spoliantis
1295 571 1336 609 in
1368 571 1443 609 ima

240 632 308 671 llia
339 630 507 670 demisi.
546 628 763 668 Chthonius
796 641 954 680 quoque
985 627 1256 680 Teleboasque
1527 628 1538 682 ζ

239 690 342 729 Ense
374 690 504 728 iacent
534 694 699 728 nostro.
738 699 891 727 ramum
922 689 1031 739 prior
1062 687 1126 726 ille
1157 686 1356 727 bifurcum
1526 685 1538 706 '‘

240 749 452 800 Gesserat‚
483 747 548 786 hic
578 746 777 786 iaculum.
816 745 942 785 iaculo
975 746 1071 785 mihi
1100 746 1263 785 vulnera
1294 746 1408 785 fecit.

241 807 359 859 Signa
390 806 499 846 vides
517 838 529 859 ,
560 811 722 857 apparet
754 804 880 844 adhuc
912 810 1023 844 vetus
1055 803 1145 843 inde
1178 805 1360 846 cicatriX.

152 874 219 906 445
239 866 351 905 Tunc
384 877 454 917 ego
488 864 702 904 debueram
733 863 921 916 capienda
953 863 999 902 ad
1031 862 1219 915 Pergama
1250 864 1375 903 mitti:

240 925 341 964 Tum
372 929 550 976 poteram
581 923 740 975 magni,
773 924 807 961 si
837 934 916 961 non
948 933 1136 973 superare
1155 954 1166 975 ‚
1198 923 1344 961 morari

241 983 422 1022 Hectoris
455 994 561 1021 arma
593 982 719 1020 meis.
757 980 822 1020 illo
855 981 924 1020 sed
956 986 1136 1032 tempore
1168 980 1323 1033 nullus,
1528 981 1538 1003 ὗ

241 1043 318 1081 Aut
348 1053 448 1093 puer
480 1040 626 1079 Hector
660 1045 772 1079 erat:
805 1051 910 1078 nunc
942 1051 1004 1078 me
1036 1051 1123 1078 mea
1155 1039 1287 1078 deficit
1317 1044 1444 1078 aetas.
1527 1027 1538 1078 Ξ

242 1100 344 1146 Quid
377 1099 448 1139 tibi
479 1101 668 1138 victorem
700 1099 845 1150 gemini
876 1098 1114 1149 Periphanta
1145 1097 1352 1150 Pyraethi‚
1527 1091 1538 1132 i

153 1166 222 1199 450
241 1159 412 1210 Ampyca
444 1157 537 1208 quid
569 1157 738 1196 referam
757 1154 779 1195 *Ρ
811 1158 878 1208 qui
910 1156 1245 1208 quadrupedantis
1276 1155 1429 1196 Echetli
1527 1135 1538 1304 1

240 1217 344 1257 Fixit
374 1218 415 1255 in
448 1216 610 1255 adverso
644 1227 810 1255 cornum
842 1216 927 1254 sine
961 1214 1123 1267 cuspide
1154 1215 1265 1255 vultu

241 1275 359 1315 Vecte
392 1274 689 1314 Pelethronium
720 1273 923 1313 Macareus
954 1275 996 1313 in
1026 1279 1166 1325 pectus
1199 1272 1335 1313 adacto

243 1334 389 1374 Stravit
419 1333 692 1385 Erigdupum.
731 1333 892 1372 memini
923 1337 964 1371 et
993 1331 1184 1371 venabula
1215 1331 1330 1372 condi
1531 1305 1538 1344 Ξ

241 1393 404 1444 Inguine
437 1391 595 1430 Nesseis
626 1391 807 1430 manibus
839 1391 1016 1430 coniecta
1049 1390 1216 1443 Cymeli.

154 1458 222 1491 455
241 1451 323 1491 Nec
354 1457 397 1490 tu
431 1450 646 1489 credideris
677 1455 830 1489 tantum
863 1450 1053 1489 cecinisse
1085 1450 1218 1489 futura
1533 1446 1538 1465 ¹

243 1509 483 1561 Ampyciden
515 1508 723 1560 Mopsum.
762 1508 897 1559 Mopso
930 1508 1123 1547 iaculante
1155 1508 1335 1547 biformis

244 1567 437 1608 Occubuit
468 1568 693 1618 frustraque
724 1566 833 1617 loqui
864 1568 1067 1618 temptavit
1096 1565 1259 1606 Hodites
1532 1522 1538 1616 l

242 1626 300 1665 Ad
332 1631 509 1665 mentum
539 1625 671 1676 lingua
703 1630 915 1675 mentoque
948 1625 995 1663 ad
1027 1630 1187 1676 guttura
1218 1625 1318 1666 fixo.
1531 1634 1538 1661 ι

243 1685 427 1735 Quinque
459 1685 548 1722 neci
581 1683 758 1722 Caeneus
791 1683 981 1736 dederat,
1014 1682 1324 1735 Styphelumque
1533 1691 1538 1715 ⁴

1205 1741 1471 1794 Bromumque

156 1810 224 1842 460
244 1801 599 1852 Antimachumque
618 1800 878 1852 Elymumque
899 1800 1239 1853 securiferumque
1258 1800 1471 1852 Pyracten.

242 1860 413 1900 Vulnera
444 1872 523 1899 non
555 1860 745 1911 memini,
776 1871 986 1898 numerum
1017 1871 1241 1910 nomenque
1272 1860 1423 1898 notavi.
1531 1862 1538 1891 ³

243 1918 426 1958 Provolat
456 1918 627 1957 Emathii
659 1917 792 1969 spoliis
825 1923 998 1956 armatus
1028 1916 1183 1970 Halesi,

247 1977 372 2023 Quem
404 1976 566 2016 dederat
596 1976 674 2015 leto
693 2007 704 2029 ‚
736 1975 923 2015 membris
956 1980 996 2014 et
1026 1987 1193 2027 corpore
1225 1975 1389 2015 Latreus

246 2035 464 2074 Maximus.
503 2035 595 2074 huic
627 2040 732 2074 aetas
764 2036 867 2073 inter
898 2035 1159 2086 iuvenemque
1191 2046 1429 2086 senemque,

161 2100 228 2132 465
250 2093 316 2131 Vis
347 2093 537 2132 iuvenalis
569 2099 682 2146 erat3
714 2092 916 2132 variabant
945 2098 1124 2145 tempora
1156 2094 1265 2132 cani.

249 2151 325 2197 Qui
358 2151 482 2203 clipeo
514 2151 720 2203 gladioque
752 2151 1057 2203 Macedoniaque
1089 2152 1232 2190 sarissa

248 2209 493 2261 Conspicuus
525 2210 741 2262 faciemque
774 2209 963 2249 obversus
994 2211 1035 2249 in
1067 2221 1206 2262 agmen
1236 2215 1449 2262 utrumque

248 2268 442 2318 Armaque
475 2270 675 2307 concussit
706 2273 938 2320 certumque
970 2269 1160 2320 equitavit
1189 2269 1230 2307 in
1263 2267 1420 2322 orbem,

247 2325 452 2378 Verbaque
485 2332 543 2365 tot
575 2327 675 2366 fudit
707 2339 847 2367 vacuas
879 2327 1078 2367 animosus
1109 2327 1151 2366 in
1182 2338 1321 2367 auras:
