1538 2496
186 59 268 101 190
439 72 562 95 nrnms
734 58 949 94 METAMM
964 86 973 96 .

213 170 369 210 580111e
402 170 502 221 sugit
533 169 694 221 pavidus
713 200 725 222 ‚
757 168 1016 221 dominaeque
1049 170 1194 210 ferecia
1227 169 1349 210 Cauni

301 229 410 268 Dicta
442 229 593 268 refert.
630 227 752 279 palles
784 229 913 268 audita
932 260 943 282 ‚
974 228 1085 280 Bybli
1103 260 1114 281 ‚
1146 229 1326 283 repulsa,

301 287 350 327 Et
380 293 494 339 pavet
525 286 731 326 obsessum
763 286 912 338 glaciali
944 287 1089 339 frigore
1122 299 1289 340 corpus.

300 346 409 385 Mens
443 352 572 385 tamen
603 351 647 384 ut
678 345 822 399 rediit,
854 347 1001 398 pariter
1033 346 1186 386 rediere
1219 347 1399 387 furores:

302 405 527 456 Linguaque
560 405 622 443 vix
653 404 750 443 tales
782 406 860 444 icto
893 404 1000 444 dedit
1031 408 1121 444 aere
1154 417 1292 445 voces:

215 454 282 538 55ss
304 462 368 502 ‘Et
400 462 570 502 merito!
603 463 696 514 quid
728 465 833 502 enim
866 465 1073 503 temeraria
1104 463 1277 503 vulneris
1309 463 1423 504 huius

305 522 495 561 Indicium
528 522 602 561 feci
622 519 644 561 Ῥ
675 522 768 574 quid
787 554 798 575 ‚
832 535 929 574 quae
956 522 1117 562 celanda
1148 523 1333 575 suerunt,

302 581 397 619 Tam
431 582 507 619 cito
540 582 719 620 commisi
749 583 971 633 propera-tis
1003 580 1121 620 verba
1153 579 1340 621 tabellis?

301 640 399 678 Ante
432 645 516 678 erat
548 639 739 691 ambiguis
772 642 890 679 animi
922 641 1116 680 sententia
1148 640 1262 679 dictis

301 698 627 750 Praetemptanda
659 699 753 738 mihi
773 729 782 738 .
820 711 870 738 ne
902 711 981 738 non
1014 704 1248 750 sequeretur
1280 703 1438 738 euntem
1448 729 1462 750 7

215 765 281 797 590
303 757 418 796 Parte
451 758 578 808 aliqua
610 757 684 796 veli
702 789 713 810 ,
746 757 871 809 qualis
904 758 1007 797 soret
1038 751 1161 811 aura,
1192 763 1327 797 notare

301 816 550 869 Debueram,
582 821 746 867 tutoque
778 818 876 855 mari
908 816 1120 856 decurrere
1139 848 1151 870 ,
1181 828 1281 868 quae
1313 828 1418 856 nunc

301 874 386 914 Non
421 875 630 927 exploratis
662 875 818 927 implevi
850 875 969 915 lintea
1000 877 1148 915 ventis.

303 934 472 973 Auferor
503 936 542 973 in
576 934 758 986 scopulos
790 935 941 987 igitur,
972 933 1238 985 subversaque
1270 939 1352 974 toto

303 992 458 1032 Obruor
492 1005 636 1032 oceano
656 1024 667 1045 ,
698 1004 828 1044 neque
859 993 1005 1032 habent
1036 1005 1121 1032 mea
1153 994 1235 1032 vela
1269 1004 1474 1032 recursus.

217 1059 282 1091 5915
306 1052 406 1097 Quid
441 1052 544 1102 quod
577 1058 617 1091 et
648 1051 844 1091 ominibus
877 1053 996 1091 certis
1027 1051 1264 1103 prohibebar
1296 1053 1419 1091 amori

304 1110 511 1161 Indulgere
544 1123 661 1163 meo,
693 1116 777 1149 tum
810 1123 898 1150 cum
931 1110 1026 1149 mihi
1059 1111 1162 1149 serre
1194 1109 1347 1150 iubenti

304 1169 458 1208 Excidit
491 1175 530 1208 et
562 1170 656 1208 fecit
687 1181 777 1220 spes
809 1175 964 1209 nostras
997 1181 1086 1209 cera
1119 1167 1320 1209 caducas?

302 1228 441 1267 Nonne
473 1228 533 1267 vel
564 1228 629 1267 illa
663 1228 746 1267 dles
780 1229 906 1268 suerat
926 1261 936 1281 ,
967 1228 1027 1267 vel
1059 1234 1140 1268 tota
1170 1228 1373 1281 voluntas,

305 1287 381 1326 Sed
414 1288 545 1338 potius
577 1286 764 1327 mutanda
796 1287 879 1326 dies
899 1284 920 1326 Ῥ
952 1287 1048 1326 deus
1080 1288 1164 1339 ipse
1196 1287 1380 1326 monebat

216 1354 284 1386 600
306 1345 502 1397 Signaque
536 1351 643 1385 certa
675 1345 817 1399 dabat,
850 1347 883 1385 si
914 1358 992 1385 non
1024 1346 1123 1385 male
1155 1358 1248 1385 sana
1280 1347 1466 1385 fuissem.

304 1404 354 1444 Et
386 1410 515 1444 tamen
547 1406 631 1456 ipsa
662 1404 798 1457 loqui,
829 1417 903 1444 nec
934 1417 996 1444 me
1029 1406 1274 1445 committere
1307 1417 1420 1444 cerae

304 1463 523 1503 Debueram
542 1495 553 1516 ,
585 1475 852 1515 praesensque
886 1476 993 1502 meos
1026 1465 1179 1515 aperire
1211 1464 1390 1503 furores.

305 1521 475 1562 Vidisset
505 1522 685 1561 lacrimas
704 1555 716 1575 ‚
749 1523 899 1562 vultum
931 1523 1093 1562 vidisset
1124 1524 1312 1576 amantis3

304 1581 422 1620 Plura
453 1581 561 1633 loqui
592 1587 767 1633 poteram
787 1614 797 1634 ,
830 1594 947 1633 quam
978 1593 1076 1633 quae
1109 1593 1250 1634 cepere
1281 1580 1470 1621 tabellae.

219 1648 284 1681 605
306 1640 430 1679 Invito
463 1641 574 1692 potui
606 1640 851 1679 circumdare
883 1640 1065 1679 bracchia
1098 1639 1221 1694 collo,

306 1699 356 1738 Et.
374 1731 385 1752 ‚
417 1701 451 1738 si
482 1701 656 1738 reicerer
675 1731 686 1751 ,
718 1701 827 1751 potui
859 1701 1050 1738 moritura
1081 1700 1204 1739 videri

306 1758 577 1810 Amplectique
610 1758 761 1811 pedes,
794 1759 992 1809 affusaque
1026 1770 1189 1810 poscere
1222 1759 1362 1798 vitam.

307 1816 445 1856 Omnia
478 1818 660 1856 fecissem
680 1849 691 1869 .›
723 1829 892 1868 quorum
925 1818 957 1856 si
989 1817 1140 1868 singula
1173 1817 1310 1857 duram

306 1875 483 1915 Flectere
516 1888 594 1915 non
625 1881 808 1928 poterant
826 1908 837 1928 ,
868 1877 1278 1928 potiiissenNJ111ia‚
1309 1881 1480 1915 mentem
1498 1907 1507 1915 ‚

220 1942 287 1974 610
307 1934 487 1974 Forsitan
520 1940 559 1974 et
590 1936 701 1974 missi
733 1937 783 1973 sit
816 1935 1005 1986 quaedam
1037 1934 1151 1987 culpa
1182 1935 1376 1974 ministri:

307 1992 393 2032 Non
426 1994 520 2033 adiit
552 1999 639 2045 apte
659 2026 670 2047 ‚
703 2006 775 2032 nec
806 1993 900 2045 legit
931 1994 1071 2032 idonea
1090 2025 1101 2046 ,
1133 1993 1276 2046 credo,

308 2051 501 2104 Tempora
520 2084 530 2105 ,
564 2065 635 2092 nec
666 2054 780 2104 petiit
804 2052 1018 2104 horamque
1040 2054 1291 2104 animumque
1311 2059 1512 2092 vacantem
1527 2083 1538 2092 ,

307 2110 413 2150 Haec
445 2123 617 2150 nocuere
650 2111 746 2150 mihi
766 2143 775 2151 .
813 2123 941 2163 neque
975 2112 1079 2151 enim
1111 2111 1158 2150 de
1189 2111 1331 2163 tigride
1362 2117 1477 2151 natus

308 2169 389 2209 Nec
421 2170 566 2221 rigidas
599 2170 727 2209 silices
761 2170 977 2210 solidumve
1010 2172 1049 2209 in
1081 2175 1242 2222 pectore
1274 2170 1426 2210 ferrum

222 2236 288 2269 615
309 2230 386 2268 Aut
417 2228 619 2267 adamanta
651 2231 781 2281 gerit,
813 2241 887 2268 nec
919 2229 977 2269 lac
1009 2228 1108 2268 bibit
1138 2229 1203 2269 ille
1234 2227 1413 2269 leaenae.

309 2287 526 2327 Vincetur.
564 2287 805 2340 repetendus
838 2289 942 2328 erit.
981 2300 1055 2328 nec
1088 2287 1212 2328 taedia
1244 2289 1374 2341 coepti
