1538 2496
127 125 213 169 262
386 139 509 163 uuus
680 124 894 160 METAMM
908 152 916 161 .

245 237 415 290 Erigor,
447 242 486 276 et
518 235 690 287 trepidos
723 236 826 274 cives
860 235 1047 275 exhortor
1077 236 1118 275 in
1149 234 1326 289 hostem,

158 303 225 335 235
247 297 515 346 Amissamque
547 306 633 333 mea
664 295 850 332 virtutem
881 305 975 333 voce
1007 306 1179 345 repono.

245 355 438 405 Tempore
471 352 518 391 ab
550 352 624 391 hoc
643 383 654 405 ,
687 352 962 403 quodcumque
999 358 1130 404 potest
1166 353 1307 392 fecisse
1344 352 1466 393 videri

245 413 417 451 Fortiter
447 413 521 450 iste
540 443 551 463 ,
583 422 713 450 meum
747 416 834 464 est,
867 412 934 462 qui
965 410 1122 450 dantem
1159 416 1269 463 terga
1300 413 1467 452 retraxi.

246 471 421 521 Denique
454 469 501 508 de
533 469 673 508 Danais
707 471 792 520 quis
825 475 863 509 te
895 469 1072 509 laudatve
1103 466 1285 521 petitve‘?

247 530 294 568 At
327 541 396 568 sua
428 528 597 580 Tydides
629 540 783 567 mecum
816 529 1079 568 communicat
1109 533 1218 581 acta,

160 596 227 628 240
246 587 307 626 Me
338 586 479 639 probat
511 592 551 626 et
582 588 688 626 socio
722 598 878 638 semper
909 586 1069 626 confidit
1100 586 1233 626 Ulixe.

246 645 317 685 Est
349 645 494 697 aliquid
513 677 524 698 ,
556 645 604 684 de
636 650 694 684 tot
726 645 933 685 Graiorum
965 645 1122 685 milibus
1153 656 1276 685 unum

245 705 277 744 A
308 704 493 743 Diomede
526 704 631 755 legi:
663 715 736 743 nec
768 715 829 743 me
862 716 948 743 sors
980 705 1037 743 ire
1069 703 1251 744 iubebat*

247 762 311 802 Sic
344 769 473 802 tamen
506 768 544 802 et
576 768 708 814 spreto
741 763 949 813 noctisque
980 762 1184 814 hostisque
1216 762 1364 815 periclo
1531 803 1535 807 ,

245 822 394 861 Ausum
425 821 589 874 eadem,
623 833 721 872 quae
754 833 826 860 nos
844 853 854 874 ‚
886 821 1054 873 Phrygia
1091 821 1138 860 de
1176 826 1291 872 gente
1324 821 1470 861 Dolona
1532 872 1533 875 Ἴ

158 880 464 920 2451nterimo:
496 892 575 919 non
607 885 696 919 ante
729 886 859 919 tamen
878 911 889 932 ‚
921 892 1036 931 quam
1069 885 1212 919 cuncta
1243 882 1353 932 coegi
1534 892 1538 901 ¹

244 938 448 992 Prodere,
480 944 520 978 et
551 938 720 991 edidici,
754 938 846 990 quid
877 938 1025 990 perfida
1057 937 1174 978 Troia
1203 944 1382 990 pararet.
1534 979 1538 988 ,

246 997 385 1036 Omnia
423 1009 662 1050 cognoram,
694 1009 767 1036 nec
785 1029 796 1049 ,
829 997 932 1048 quod
971 997 1226 1050 specularer,
1258 996 1469 1052 habebam,
1535 1006 1538 1013 ·

245 1055 295 1095 Et
325 1057 401 1095 iam
432 1058 624 1108 promissa
656 1061 833 1107 poteram
865 1067 955 1095 cum
986 1056 1099 1095 laude
1131 1057 1299 1096 reverti.

245 1114 357 1154 Haud
389 1120 599 1154 contentus
631 1127 677 1153 eo
710 1116 805 1166 petii
836 1115 1005 1154 tentoria
1036 1114 1179 1167 Rhesi,

158 1180 226 1213 250
246 1173 368 1225 Inque
401 1175 482 1212 suis
513 1175 644 1225 ipsum
676 1175 815 1212 castris
847 1174 1089 1225 comitesque
1120 1174 1294 1225 peremi:

246 1232 373 1283 Atque
405 1234 459 1271 ita
490 1233 641 1284 captivo
674 1233 799 1271 victor
830 1233 1008 1283 votisque
1039 1233 1188 1283 potitus

247 1290 452 1342 ingredior
483 1303 603 1330 curru
636 1290 758 1330 laetos
788 1291 964 1330 imitante
996 1290 1240 1343 triumphos.

247 1349 367 1388 Cuius
399 1361 522 1400 equos
553 1351 726 1401 pretium
756 1361 828 1401 pro
860 1354 974 1388 nocte
1006 1355 1240 1401 poposcerat
1269 1349 1418 1404 hostis,

245 1408 362 1446 Arma
394 1413 532 1460 negate
564 1408 689 1461 mihi,
721 1408 919 1459 fueritque
950 1407 1158 1459 benignior
1188 1407 1306 1448 Aiax!

158 1473 225 1505 255
253 1466 354 1512 Quid
386 1465 494 1518 Lycii
526 1467 694 1506 reseram
728 1466 964 1518 Sarpedonis
997 1468 1149 1518 agmina
1180 1467 1288 1506 ferro

246 1524 450 1564 Devastata
482 1537 569 1564 meo
589 1523 610 1564 ?
642 1537 732 1564 cum
763 1524 885 1564 multo
918 1527 1107 1576 sanguine
1139 1525 1223 1564 sudi

247 1583 452 1623 Coeranon
483 1583 679 1635 Iphitiden
712 1589 751 1622 et
781 1583 1036 1634 Alastoraque
1069 1582 1375 1635 Chromiumque

246 1642 562 1693 Alcandrumque
600 1641 833 1692 Haliumque
870 1641 1148 1693 Noemonaque
1180 1641 1470 1696 Prytaninque,

246 1700 457 1752 Exitioque
489 1700 579 1739 dedi
611 1713 701 1740 cum
733 1699 1053 1739 Chersidamante
1085 1700 1247 1739 Thoona

159 1766 227 1799 260
247 1759 297 1798 Et
328 1759 546 1811 Charopem
564 1791 575 1812 ,
607 1760 774 1810 fatisque
805 1758 1011 1798 inmitibus
1042 1758 1250 1798 Ennomon
1281 1764 1434 1813 actum,

248 1818 402 1869 Quique
432 1820 562 1858 minus
595 1817 771 1857 celebres
803 1823 937 1857 nostra
969 1817 1280 1857 snmoenihus
1312 1817 1422 1857 urbis

246 1876 500 1916 Procubuere
533 1889 679 1916 manu.
717 1881 810 1915 sunt
841 1882 881 1915 et
911 1876 1006 1915 mihi
1037 1875 1228 1929 vulnera,
1259 1877 1388 1930 cives,

247 1935 336 1986 Ipso
367 1935 531 1987 pulchra
561 1935 678 1974 loco:
709 1946 782 1974 nec
814 1936 921 1973 vanis
953 1934 1101 1973 credite
1133 1934 1286 1974 verbis.

247 1994 416 2044 Aspicite
450 2006 498 2033 en
518 1991 543 2033 1'
575 1999 802 2044 vestemque
833 2005 950 2032 manu
983 1993 1135 2032 diduxit
1165 1998 1205 2033 et
1235 1989 1346 2032 ‘haec
1378 1999 1467 2033 sunt
1526 2019 1536 2030 -.

160 2058 226 2089 265
246 2051 411 2091 Pectora
443 2049 613 2104 semper?
646 2053 700 2091 ait
731 2049 887 2090 ‘vestris
920 2053 1090 2090 exercita
1121 2051 1264 2091 rebus.

247 2110 296 2148 At
328 2110 381 2148 nil
412 2111 591 2162 inpendit
622 2122 693 2162 per
724 2115 783 2149 tot
813 2109 1064 2149 Telamonius
1095 2122 1218 2149 annos

249 2167 456 2218 Sanguinis
488 2171 528 2208 in
561 2171 688 2208 socios
707 2200 718 2220 ,
749 2174 789 2208 et
820 2167 938 2208 habet
969 2169 1052 2208 sine
1084 2168 1246 2207 vulnere
1278 2180 1444 2220 corpus.

247 2225 349 2271 Quid
381 2232 512 2265 tamen
542 2227 616 2266 hoc
649 2228 800 2279 refert,
833 2228 866 2266 si
898 2239 939 2266 se
970 2238 1043 2278 pro
1075 2226 1198 2266 classe
1229 2226 1389 2278 Pelasga

246 2284 363 2323 Arma
394 2284 531 2324 tulisse
564 2286 688 2324 refert
719 2291 856 2324 contra
887 2285 1090 2337 Troasque
1121 2283 1365 2336 Iovemque?

157 2350 226 2383 270
247 2342 523 2395 Confiteorque
543 2375 554 2395 ,
586 2343 704 2383 tulit:
735 2356 864 2396 neque
897 2345 1002 2383 enim
1032 2343 1236 2384 benefacta
1267 2343 1433 2396 maligne
