1527 2580
621 117 689 152 XV
700 144 709 162 ‚
736 120 921 153 593—666
936 143 944 152 .
1035 129 1267 153 asenarius
1358 120 1440 162 ,323

136 236 204 268 630
223 227 421 267 Auxilium
453 226 620 266 caeleste
652 233 821 279 petunt,
852 227 1098 277 mediamque
1131 233 1309 267 tenentes

223 286 338 326 Orbis
370 286 532 325 humum
565 285 733 337 Delphos
766 285 938 338 adeunt,
970 285 1126 324 oracula
1156 286 1327 339 Phoebi,

222 345 350 397 thue
381 344 580 384 salutifera
612 346 765 384 miseris
797 356 1030 384 succurrere
1057 343 1176 384 rebus

223 404 338 444 Sorte
370 403 489 456 velit,
521 408 728 455 tantaeque
761 403 870 442 urbis
901 403 999 443 mala
1031 404 1167 456 finiat,
1199 411 1333 443 orant.

222 462 272 502 Et
301 462 412 502 locus
445 467 484 501 et
514 461 650 501 laurus
681 468 749 515 et,
782 474 877 513 quas
908 461 1026 500 habet
1056 463 1138 513 ipse
1158 493 1169 514 ‚
1201 462 1406 514 pharetrae

135 529 201 560 635
222 521 467 560 Intremuere
500 521 644 573 simul;
677 522 905 572 cortinaque
938 520 1108 560 reddidit
1139 522 1216 560 imo

222 579 330 619 Hanc
363 579 475 631 adyto
508 591 641 619 vocem
660 611 672 632 ,
703 580 980 631 pavefactaque
1012 585 1172 631 pectora
1204 582 1346 620 movit:

223 636 352 685 ‘Quod
378 639 480 690 petis
506 637 597 677 hinc
616 669 627 690 ,
658 639 843 690 propiore
875 638 959 677 loco
978 670 990 691 ,
1022 638 1194 677 Romane
1213 670 1224 692 ,
1256 641 1445 692 petisses;

222 696 273 736 Et
303 702 392 749 pete
425 708 530 736 nunc
562 699 745 749 propiore
779 697 893 737 loco:
925 709 998 736 nec
1028 697 1204 748 Apolline
1238 697 1370 751 vobis,

226 755 302 802 Qui
335 756 484 794 minuat
515 755 644 795 luctus
663 788 675 808 ,
707 768 805 807 opus
838 761 898 795 est
915 787 926 807 ,
958 755 1027 795 sed
1059 756 1235 808 Apolline
1268 764 1383 797 nato.

134 821 202 854 640
222 813 279 853 lte
310 813 424 853 bonis
457 813 590 853 avibus
609 846 620 866 ,
651 814 879 866 prolemque
912 816 1101 854 accersite
1133 820 1307 854 nostram
1321 812 1345 854 .’

223 873 332 912 lussa
363 873 426 912 dei
456 873 631 924 prudens
664 880 869 925 postquam
903 885 1090 925 accepere
1122 880 1305 926 senatus,

223 931 349 977 Quam
381 931 482 971 colat
499 963 510 984 ,
543 932 775 984 explorant,
806 933 958 971 iuvenis
989 931 1211 972 Phoebeius
1243 932 1405 985 urbem,

224 989 379 1041 Quique
410 996 547 1042 petant
578 992 702 1030 ventis
734 990 945 1041 Epidauria
975 990 1119 1043 litora,
1151 992 1333 1030 mittunt.

223 1048 330 1094 Quae
361 1054 569 1100 postquam
601 1061 719 1088 curva
750 1050 859 1088 missi
891 1050 1054 1100 tetigere
1087 1051 1242 1102 carina,

135 1114 201 1146 645
223 1106 441 1146 Concilium
473 1107 689 1159 Graiosque
720 1113 852 1159 patres
885 1107 1014 1146 adiere
1034 1139 1045 1160 ,
1077 1107 1318 1161 darentque,

224 1165 396 1205 Oravere
415 1197 427 1216 ‚
459 1165 575 1205 deum
594 1198 605 1219 ,
638 1167 705 1217 qui
736 1178 923 1217 praesens
956 1166 1094 1205 funera
1125 1168 1253 1217 gentis

222 1224 350 1263 Finiat
380 1224 604 1277 Ausoniae3
636 1230 762 1264 certas
795 1226 848 1264 ita
880 1225 1011 1263 dicere
1043 1230 1193 1264 sortes.

224 1282 396 1322 Dissidet
426 1289 467 1322 et
497 1285 620 1323 variat
651 1285 874 1323 sententia:
907 1295 1075 1334 parsque
1107 1283 1327 1335 negandum

223 1340 309 1381 Non
340 1347 455 1394 putat
485 1342 700 1395 auxilium3
733 1342 845 1381 multi
877 1343 1048 1381 retinere
1068 1373 1079 1394 ,
1111 1354 1300 1394 suamque

136 1407 204 1439 650
223 1399 310 1439 Non
343 1402 522 1440 emittere
555 1413 668 1453 opem
700 1413 773 1440 nec
805 1402 964 1440 numina
995 1400 1150 1440 tradere
1183 1402 1369 1441 suadent.

222 1458 323 1498 Dum
355 1458 563 1512 dubitant,
595 1471 723 1499 seram
754 1459 942 1511 pepulere
974 1460 1206 1511 crepuscula
1236 1460 1388 1513 lucem,

223 1516 446 1569 Umbraque
478 1517 629 1558 telluris
661 1517 844 1557 tenebras
875 1517 1083 1557 induxerat
1114 1518 1223 1559 orbi:

224 1575 321 1615 Cum
353 1576 450 1615 deus
481 1577 521 1616 in
554 1578 701 1616 somnis
734 1577 859 1628 opifer
892 1578 1107 1616 consistere
1140 1579 1247 1617 visus

223 1635 322 1673 Ante
354 1640 496 1687 tuum,
528 1634 730 1686 Romane,
762 1641 922 1686 torum,
954 1635 1022 1674 sed
1055 1635 1180 1685 qualis
1210 1637 1251 1675 in
1283 1636 1378 1676 aede

135 1699 202 1731 655
222 1692 319 1732 Esse
352 1693 480 1745 solet3
511 1692 773 1744 baculumque
806 1698 943 1732 tenens
975 1699 1128 1744 agreste
1160 1695 1317 1734 sinistra

223 1751 445 1791 Caesariem
470 1723 612 1803 'longae
645 1751 781 1791 dextra
812 1751 1007 1790 deducere
1038 1751 1206 1806 barbae,

223 1809 274 1848 Et
303 1809 454 1861 placido
486 1810 583 1850 tales
616 1812 794 1849 emittere
826 1815 986 1861 pectore
1019 1821 1159 1851 voces:

225 1865 346 1908 ‘Pone
366 1874 525 1922 metus,
551 1870 702 1908 veniam
715 1868 1030 1921 ,simulacraque
1051 1875 1185 1909 nostra
1203 1869 1444 1922 relinquam.
1488 1892 1497 1894 >

222 1926 337 1966 Hunc
368 1927 482 1966 modo
515 1933 739 1979 serpentem
758 1959 769 1980 ,
800 1926 982 1966 haculum
1008 1929 1076 1978 qui
1106 1927 1273 1968 nexibus
1303 1929 1445 1981 ambit,

136 1992 204 2024 660
223 1985 409 2037 Perspice
442 1992 482 2025 et
512 1998 638 2038 usque
672 1991 763 2025 nota
795 1987 908 2039 visu,
939 1991 984 2025 ut
1020 1998 1258 2038 cognoscere
1294 1989 1443 2039 possis.

223 2043 362 2083 Vertar
392 2045 433 2082 in
463 2044 598 2084 hunc:
630 2045 699 2084 sed
731 2046 853 2084 maior
885 2056 982 2097 ero,
1014 2050 1224 2098 tantusque
1262 2045 1445 2099 videbor,

223 2102 267 2141 ln
300 2107 490 2153 quantum
520 2103 665 2142 debent
695 2103 875 2143 caelestia
908 2115 1072 2155 corpora
1104 2101 1239 2144 verti?

226 2160 430 2212 Extemplo
464 2173 554 2201 cum
587 2174 679 2201 voce
712 2162 808 2201 deus
827 2194 838 2215 ‚
871 2174 961 2201 cum
992 2174 1086 2202 voce
1118 2163 1270 2215 deoque

225 2219 394 2258 Somnus
425 2219 534 2273 abit,
565 2222 771 2271 somnique
803 2221 934 2271 sugam
964 2220 1031 2260 lux
1068 2221 1167 2261 alma
1197 2228 1331 2261 secuta
1363 2229 1443 2261 est.

137 2285 203 2317 665
223 2277 387 2317 Postera
418 2278 594 2318 sidereos
626 2291 767 2318 aurora
799 2280 1000 2330 fugaverat
1029 2281 1165 2332 ignes:

222 2335 398 2390 Incerti,
429 2337 523 2388 quid
555 2344 698 2390 agant,
728 2349 914 2390 procer-es
946 2338 994 2377 ad
1027 2338 1168 2390 templa
1201 2341 1309 2389 petiti

1094 2405 1165 2439 21*
