1507 2580
1354 143 1400 178 Ix

63 250 142 289 fuit
178 246 314 298 Φηγῖα
353 249 566 288 secundum
604 250 774 289 Pausan.
811 258 897 289 VIII
925 252 977 288 24
1019 251 1042 288 2
1081 254 1123 290 et
1160 253 1203 303 8,
1244 250 1403 302 Φήγεια

65 308 279 348 secundum
304 308 573 347 Herodianum
599 317 615 347 1
647 322 683 358 p.
706 310 802 359 280,
837 311 902 349 10.
953 310 1002 347 ab
1034 310 1108 348 hoc
1138 312 1201 349 est
1219 311 1405 360 Pheqe'c'us

64 376 114 406 Ix
145 369 249 417 412,
287 367 336 405 ab
373 367 442 405 illo
472 368 694 415 Pheqiacus.
744 379 823 406 non
853 380 952 418 opus
985 370 1047 406 est
1078 369 1200 407 rediri
1231 370 1280 407 ad
1314 370 1403 409 Gla-

63 426 175 464 reani
203 426 474 475 Psophiacum,
516 426 620 475 quod
656 425 827 465 debebat
863 438 951 466 esse
981 427 1248 476 Psophidium,
1280 428 1404 468 Hero-

63 485 167 523 dian.
199 493 233 522 11
263 498 301 534 p.
330 486 426 534 883,
459 486 496 534 2,
529 485 604 523 etsi
630 483 793 523 Ovidius
823 498 847 524 a
870 485 1033 524 Phocide
1062 486 1157 524 fecit
1175 487 1405 526 Phocaicum

63 551 98 581 11
127 545 210 582 569
251 545 292 581 et
326 543 515 581 Plzoceum
551 543 640 581 Am.
672 552 705 581 11
734 546 756 581 6
794 546 859 582 15.
979 541 1063 583 399
1103 553 1403 593 STIMULOQUE

63 610 249 641 nom-:Ns
275 610 335 639 ΕΤ
363 609 578 640 VERBERE
607 609 793 653 SAEVIT3
825 603 1009 654 SAEVI'r‚
1039 612 1168 643 ERUM
1182 625 1250 642 ——.
1301 606 1405 655 quod

61 662 104 698 in
133 661 341 710 proecdosi
374 661 569 708 dederam,
601 661 821 710 petiveram
853 674 899 700 ex
931 662 1107 700 codicum
1137 663 1261 701 trium
1285 663 1404 703 Hein-

63 720 112 758 sii
138 720 337 768 scriptura
362 720 466 769 apud
492 720 683 757 Jahnium
708 720 865 758 omissa.
909 722 1083 760 stimulos
1106 722 1158 772 M,
1190 722 1405 773 inutiliter3

62 777 203 816 deinde
234 777 364 816 Saevit
395 780 495 816 enim
527 790 662 817 omnes
693 778 797 816 libri.
849 780 994 817 sustuli
1025 780 1178 828 vitium,
1211 781 1316 830 quod
1346 795 1405 820 re-

61 835 121 875 dit
145 845 213 875 VII
235 837 331 887 687,
362 839 449 875 tum
479 837 708 886 interpunxi
731 840 823 886 post
847 840 978 882 saevit,
1011 851 1111 888 quae
1135 839 1296 889 virgula
1319 841 1406 879 loco

61 897 169 934 esset
199 895 419 945 particulae
451 896 700 944 copulativae
730 896 772 933 in
802 897 920 935 hujus
952 898 1058 935 modi
1088 899 1292 947 anaphora
1316 900 1404 937 sub-

62 953 175 1003 sequi
209 954 367 992 solitae:
405 963 436 992 V
463 955 546 992 539
581 956 664 992 542
705 956 746 992 et
777 963 863 992 XIII
885 956 969 993 580
1003 957 1084 994 582
1118 957 1279 995 vidit—
1303 957 1407 997 Vidit

61 1015 112 1062 et,
149 1020 231 1051 XIV
253 1013 335 1051 698
372 1014 455 1051 700
484 1013 712 1051 Viderat—
730 1013 889 1052 Viderat
914 1017 963 1064 et,
1001 1022 1088 1052 XIII
1109 1016 1192 1053 427
1221 1016 1305 1054 428
1334 1018 1405 1055 cri-

63 1073 370 1110 nem—minem
390 1072 653 1120 lacrimasque.
687 1068 813 1110 ‘erum
833 1072 996 1122 insuper
1014 1073 1197 1111 habitum
1221 1074 1406 1125 obiectat,

61 1131 202 1168 natum
232 1129 435 1179 perditum
465 1126 664 1180 imputat?
795 1127 880 1169 497
917 1139 1009 1169 TER
1041 1140 1251 1179 QUINQUE
1283 1141 1405 1172 FERE

60 1196 325 1227 NATALIBUS
357 1196 549 1228 AUCTUS.
603 1189 661 1227 ita.
700 1189 902 1240 dederam,
941 1190 1046 1239 quod
1075 1191 1117 1228 M
1152 1192 1234 1239 fere
1270 1204 1294 1230 a
1329 1205 1432 1231 ma..

60 1261 140 1297 pr.,
179 1249 424 1296 postremam
455 1260 592 1286 vocem
629 1260 784 1286 erasam
815 1248 963 1287 habere
993 1249 1222 1289 notabatur.
1272 1263 1406 1292 annos„

60 1307 188 1355 armis,
219 1307 314 1344 actis
344 1306 489 1355 reliqui
519 1307 623 1344 libri.
673 1310 876 1345 crescentes
906 1309 1002 1346 anni
1034 1310 1126 1346 sunt
1155 1317 1188 1346 x
1209 1310 1275 1347 24.

62 1361 148 1403 774
178 1372 468 1411 VUL'I'UMQUE
501 1373 632 1403 INITA
664 1373 727 1403 AD
754 1373 966 1404 suspnua
996 1375 1157 1405 Duxrr.
1201 1369 1282 1406 ima
1313 1363 1405 1419 (hoc

58 1424 102 1461 in
131 1435 208 1462 ras.
239 1435 264 1461 a
293 1435 370 1461 ma.
402 1435 476 1461 sec.
502 1418 562 1475 M)
594 1425 646 1462 ad
675 1425 859 1471 suspiria,
892 1425 984 1463 deae
1015 1426 1066 1464 acl
1096 1427 1268 1474 suspiria
1298 1427 1405 1478 libri,

59 1482 232 1522 alterum
261 1482 327 1520 vix
364 1482 462 1520 satis
499 1482 641 1532 latine,
679 1482 849 1521 alterum
888 1483 938 1521 ab
969 1483 1288 1533 interpolatione.
1338 1486 1404 1524 du-

60 1551 153 1584 cere,
178 1538 328 1578 trahere
346 1540 494 1579 maltum
514 1541 614 1579 dixit
638 1543 758 1590 poeta
777 1541 890 1579 Pont.
910 1550 959 1580 Iv
982 1545 1003 1580 1
1034 1544 1072 1592 3,
1107 1544 1130 1581 8
1161 1545 1226 1581 12.
1275 1544 1405 1593 ipsam

60 1599 376 1638 emendationem
405 1610 486 1638 non
515 1599 642 1638 habeo
673 1611 792 1650 nunc,
833 1612 908 1650 quo
941 1600 1156 1639 adstruam.
1184 1647 1187 1649 Α
1319 1600 1404 1642 823

59 1665 326 1704 FRIGIJSQUE
357 1665 653 1697 PERURGUET.
702 1659 777 1697 hoc
807 1659 937 1696 minus
969 1659 1090 1697 etiam
1120 1661 1405 1709 praestiterim.

49 1727 128 1766 per
149 1727 297 1765 unques
326 1716 422 1755 libri
451 1717 647 1768 meliores,
671 1728 746 1765 per
771 1720 881 1756 artus
910 1718 1153 1767 interpolati.
1202 1719 1403 1769 Hauptius

51 1786 127 1824 per
163 1776 306 1824 inquere
348 1777 389 1814 et
429 1776 608 1824 proximo
650 1787 769 1815 versu
813 1776 972 1821 callent,
1015 1777 1117 1815 mira
1158 1777 1404 1817 infelicitate.

58 1833 251 1883 putabam
280 1846 442 1873 versum
472 1834 670 1873 adiectum
701 1846 807 1885 esse,
845 1835 938 1884 quia
968 1835 1197 1884 corruptela
1226 1837 1404 1888 verbum,

60 1904 137 1942 quo
169 1904 280 1943 opus,
312 1893 546 1931 abstulerat.
596 1893 724 1932 simile
754 1893 906 1932 factum
931 1894 1151 1944 apparebit,
1181 1894 1299 1944 idque
1324 1897 1403 1934 cla-

57 1951 226 2002 rissime,
256 1959 308 1989 IX
326 1952 424 1990 415.
476 1952 544 1990 sed
570 1963 658 1990 cum
687 1953 912 2000 adm-quere,
930 1953 1148 2001 irzuryuere,
1168 1955 1404 2003 suburyucre

57 2009 185 2059 proba.
220 2010 318 2059 sint,
350 2021 590 2058 peruryuere
625 2013 718 2049 ante
750 2010 982 2048 Suetonium
1012 2011 1079 2050 vix
1108 2013 1325 2063 reperitur,
1361 2013 1403 2051 in

58 2067 202 2106 Lucilii
243 2068 376 2107 Aetna
417 2081 454 2108 v.
487 2070 570 2108 227
616 2070 822 2118 explosum
865 2071 927 2107 est
969 2069 1019 2107 ab
1063 2070 1216 2109 editore
1261 2070 1402 2110 Canta-

58 2126 263 2176 brigiensi.
385 2123 470 2166 808
504 2135 702 2167 enacms
734 2135 936 2167 msmrro
968 2135 1135 2167 SAIJCIA
1166 2137 1296 2169 some.
1344 2132 1401 2169 in-

59 2188 158 2224 certo
194 2185 306 2235 libri,
344 2185 407 2223 cui
442 2186 575 2225 nullus
615 2187 679 2224 hic
715 2187 836 2225 locus.
884 2188 1018 2226 inserti
1047 2188 1153 2226 radii
1181 2189 1274 2227 solis
1310 2191 1402 2228 sunt

59 2243 165 2294 apud
183 2243 414 2282 Lucretium
444 2252 479 2282 11
502 2245 603 2295 115;
635 2245 739 2295 quod
764 2258 853 2284 cum
872 2246 1076 2296 Vergilius
1095 2246 1137 2285 in
1154 2259 1274 2286 versu
1296 2247 1402 2297 aapud

57 2302 266 2341 Mumoem
296 2303 477 2352 adposito
509 2303 756 2352 improbasse
788 2305 1007 2356 videretur,
1038 2305 1192 2344 invenit
1224 2305 1401 2356 Ovidius,

58 2361 128 2400 ubi
152 2362 374 2412 appositius
401 2361 610 2401 diceretur.
732 2361 814 2403 871
847 2364 981 2403 FISSA
1006 2371 1400 2404 PEDUM--VESTI-
