1507 2580
1279 111 1357 147 XLI

12 219 148 258 niueis.
207 219 394 257 innocuus
424 217 545 256 Ianus
578 218 645 257 ille
677 218 907 270 Fastorum,
939 227 956 257 1
977 220 1059 258 247
1092 220 1143 257 ad
1176 222 1271 270 253,
1304 223 1359 260 di-

1 278 129 327 ,eitur,
160 278 206 315 ut
236 276 453 315 Deucalion
484 284 500 314 1
521 277 623 326 3273
664 278 761 316 satis
793 278 1071 317 convenienter
1101 278 1152 316 ad
1182 280 1359 318 nativam

15 338 59 374 et
90 335 334 374 defaecatam
363 335 603 373 narrationis
636 336 811 385 reliquae
843 336 1148 386 simplicitatem.
1273 335 1357 377 383

12 389 188 441 nEan'
219 401 299 432 arr
333 389 584 431 ‘REDDERR
646 394 701 432 sic
738 394 813 432 ME
852 397 903 444 et,
941 395 1046 444 quod
1083 395 1198 434 modo
1230 396 1358 446 video,

14 452 186 491 maxima
222 463 316 502 pars
353 451 563 502 librorum3
600 454 646 489 ut
683 453 880 501 scriptura
910 454 1076 503 vulgata
1111 465 1229 501 neque
1260 456 1359 492 enim

13 511 169 550 reddere
204 522 254 549 ne
290 510 520 549 vetustioris
561 510 719 559 quidem
756 511 1072 560 interpolationis
1111 524 1196 550 esse
1227 513 1357 550 videar

13 571 97 608 tur:
141 580 380 619 quamquam
417 568 465 607 de
505 580 552 607 ea
595 581 637 607 re
680 570 951 618 ampliandum
994 582 1144 609 censeo.
1205 570 1253 609 de
1294 584 1357 611 vv.

12 627 285 677 sequentibus,
317 627 458 676 quibus
485 628 584 665 disce
611 627 656 676 E,
687 640 767 665 non
791 629 1028 666 mutaverim
1058 629 1257 667 iudicium.

11 682 98 725 396
134 685 232 724 Nnc
277 692 518 733 QUICQUAM
563 693 771 732 AN'r1Qn1.
833 687 889 724 ita
927 687 1043 735 plane
1080 687 1132 725 M.
1269 684 1354 726 427

11 744 171 783 obelum
201 745 368 794 apposui
400 744 620 792 scripturae
652 745 703 783 M.
752 744 910 783 videtur
942 747 1070 784 inesse
1101 746 1177 784 loci
1208 747 1355 785 elarius

10 802 173 852 aliquod
214 802 419 841 indicium:
464 803 732 853 meminerint,
777 804 882 853 siqui
923 804 988 842 via
1032 803 1207 843 Ostiensi
1248 805 1357 843 ultra

12 861 185 910 lapidem
219 861 303 899 fere
340 860 534 899 decimum
571 862 775 911 progressi
811 862 970 900 fuerint.
1032 862 1136 912 quod
1179 863 1273 901 olim
1315 863 1357 902 in

11 920 169 958 inficeta
206 919 514 968 interpolatione
551 920 842 970 acquieveram,
873 933 1011 958 versus
1043 921 1357 959 emendationem

10 990 59 1017 ex
95 978 347 1027 inhospitalis
385 979 495 1027 ripae
531 978 658 1027 partis
696 979 1004 1028 investigatione
1045 991 1125 1016 non
1167 980 1357 1030 quaesivi,

10 1049 128 1086 quem
165 1036 377 1074 admodum
412 1038 573 1085 postero
611 1037 674 1074 die
711 1036 830 1075 Atria
867 1038 1049 1076 Tiberina
1086 1037 1226 1076 dextra
1268 1038 1357 1087 ripa

11 1097 102 1145 post
131 1094 305 1144 lapidem
335 1095 498 1133 tertium
529 1094 698 1132 feliciter
731 1098 824 1133 sunt
854 1097 1024 1144 reperta.
1159 1093 1244 1134 467
1276 1105 1356 1135 DA-

10 1161 131 1193 NAAs
162 1160 410 1192 PAVERUNT
442 1160 664 1191 PERGAMA
697 1161 845 1192 nnus.
888 1165 1078 1202 pergama
1107 1155 1259 1193 dextras
1290 1155 1356 1193 ad-

12 1213 158 1262 scripto
189 1212 231 1250 in
260 1211 441 1261 margine
472 1212 612 1250 danais
634 1215 846 1259 patuerunt
869 1224 1061 1260 pei-yama
1090 1213 1232 1252 dextris
1254 1213 1295 1250 M
1316 1215 1357 1252 et

10 1269 239 1321 paucissimi
268 1269 434 1308 Heinsii.
488 1281 678 1318 pergama
711 1272 891 1316 flammas
927 1270 1069 1319 reliqui
1107 1283 1259 1320 omnes,
1290 1284 1355 1310 ne-

10 1329 202 1379 quissima
230 1328 546 1378 interpolatione.
592 1329 633 1366 in
664 1329 879 1378 archetypo
911 1328 1033 1368 fuisse
1058 1331 1154 1378 puto
1174 1337 1355 1369 DEIRAS.

9 1387 136 1426 Dirae
177 1387 330 1425 ultrices
372 1387 542 1436 Vergilii
584 1387 682 1425 Aen.
714 1395 763 1425 IV
795 1388 879 1426 473
931 1395 979 1425 VI
1013 1388 1097 1426 610
1142 1389 1356 1426 secundum

9 1445 255 1496 Aeschylum
284 1445 398 1483 Eum.
430 1446 514 1484 409
548 1444 676 1483 dictae
706 1446 908 1493 videntur,
945 1446 1054 1484 locus
1085 1446 1149 1484 hic
1178 1446 1353 1496 Aeschy-

9 1504 94 1543 lum
130 1503 270 1553 refert,
313 1504 390 1553 Ag.
418 1504 513 1554 125,
542 1505 636 1542 721.
785 1501 871 1543 476
909 1512 968 1542 ΑΒ
1009 1511 1157 1543 Aems.
1218 1506 1355 1543 malim

9 1570 166 1612 ARGIS,
196 1564 243 1600 ut
266 1570 283 1600 1
305 1563 405 1601 601:
437 1560 514 1610 τὴν
545 1558 720 1610 μάλιετα
751 1561 1041 1610 προεήκουεαν
1070 1559 1213 1602 αὐτοῖς
1243 1558 1354 1614 (Dio-

9 1621 115 1660 medi
145 1623 186 1659 et
215 1616 463 1673 Alcmaeoni)
501 1616 636 1670 ἀρχήν
673 1621 768 1659 dicit
806 1621 948 1659 Strabo
979 1635 1016 1670 p.
1036 1623 1134 1670 462,
1166 1623 1206 1659 et
1237 1623 1355 1659 antea

9 1680 89 1718 iam
119 1679 321 1718 exclusum
352 1679 401 1717 ab
432 1679 742 1729 Agamemnone.
885 1676 971 1718 489
1003 1679 1092 1718 EST
1126 1686 1272 1718 LOCUS
1303 1687 1354 1717 IN

12 1745 206 1777 VULNUS.
266 1737 340 1776 Est
376 1738 479 1776 locus
514 1739 557 1776 in
591 1738 742 1776 uultum
771 1738 823 1775 M.
855 1738 930 1776 Est
966 1738 1068 1776 locus
1097 1739 1138 1775 in
1167 1741 1254 1776 uoto
1285 1740 1355 1776 aut

9 1796 85 1836 Est
113 1798 156 1835 in
185 1798 272 1835 vota
302 1796 404 1834 locus
435 1796 589 1845 reliqui.
645 1795 944 1834 ciceronianum
974 1796 1016 1833 in
1045 1796 1183 1845 primis
1214 1797 1354 1835 vulnus

9 1867 82 1904 pro
121 1854 350 1893 infortunio.
497 1851 585 1893 493
625 1862 1060 1900 MAGMLOQUENTIA,
1108 1865 1251 1902 maqna
1282 1866 1353 1902 po-

9 1914 127 1952 tentia
155 1913 198 1951 M
234 1924 324 1951 cum
359 1913 553 1951 omnibus.
600 1913 868 1961 mayozz’loquas
903 1913 977 1951 hoe
1009 1912 1252 1963 significatu,
1284 1913 1352 1962 qui

8 1971 51 2010 in
75 1971 324 2010 substantivo
351 1973 413 2009 est
431 1971 663 2020 posterioris
689 1972 846 2020 aetatis,
878 1970 976 2009 dixit
1000 1973 1120 2020 poeta
1150 1979 1235 2010 VIII
1256 1972 1353 2010 396.

126 2026 215 2068 494
243 2029 443 2068 Taunus
476 2037 705 2068 marmus.
756 2031 900 2068 iratam
923 2029 964 2067 M
989 2031 1031 2068 et
1055 2029 1227 2078 plurimi.
1275 2031 1354 2068 ira-

8 2090 71 2128 tae
104 2091 263 2127 veterem
298 2100 418 2132 tram,
467 2088 649 2126 Venerem
689 2089 813 2126 verbis
855 2089 1094 2127 instimulare
1135 2088 1353 2127 locutiones

9 2148 103 2186 sunt
141 2146 382 2196 inconditae3
425 2146 647 2185 emendatio
687 2158 776 2185 mea
819 2159 897 2186 non
932 2147 1118 2186 violenta.
1267 2142 1354 2185 515

8 2212 207 2245 anlnus
254 2211 422 2244 caxms
472 2212 726 2244 nummu.
787 2205 933 2245 leuibus
971 2207 1090 2254 yuttis
1138 2199 1258 2257 (yutis
1299 2199 1353 2257 E)

7 2264 136 2303 maior
147 2275 240 2314 pars
255 2263 450 2302 librorum
461 2262 630 2302 Heius—ii.
655 2264 748 2313 post
765 2263 861 2302 haec
879 2266 1082 2303 manantia
1099 2263 1194 2302 libri
1208 2275 1353 2302 omnes.

4 2321 58 2361 ab
90 2322 163 2361 hoe
194 2322 542 2372 interpolationem
571 2322 791 2373 profectam
823 2335 909 2362 esse
939 2324 1070 2373 patet:
1101 2322 1234 2372 ipsum
1262 2321 1355 2361 inde
