1527 2580
659 91 691 127 Χ
708 119 718 137 ,
744 95 859 128 1—70
874 120 881 128 .
1043 105 1196 129 oum-:ue
1363 93 1441 135 197

225 202 439 243 Tendimus
458 202 535 242 huc
555 214 690 242 omnes
709 234 720 255 ,
752 202 847 242 haec
873 208 934 243 est
952 201 1092 242 domus
1112 202 1246 242 ultima
1259 234 1270 255 ,
1301 215 1444 255 vosque

161 269 205 301 8⁸
224 260 394 302 Humani
425 262 581 313 generis
615 262 840 313 longissima
872 273 991 314 regna
1023 263 1188 301 tenetis.

224 319 329 360 Haec
360 332 517 372 quoque
537 351 549 372 ,
581 332 671 359 cum
703 322 827 359 iustos
859 326 1011 360 matura
1042 322 1241 372 peregerit
1272 332 1418 374 annos,

224 377 327 419 luris
358 379 435 418 erit
465 379 614 418 vestri:
644 391 716 430 pro
749 390 912 418 munere
943 380 1142 431 poscimus
1174 391 1310 418 usum.

225 436 338 484 Quod
370 437 404 477 si
435 437 511 477 fata
542 443 687 489 negant
716 439 867 477 veniam
898 449 969 489 pro
996 439 1185 491 coniuge,
1217 443 1368 478 certum
1388 443 1448 477 est

223 495 334 536 Nolle
366 495 497 535 redire
529 496 654 536 mihi:
684 495 762 535 leto
794 496 960 547 gaudete
993 493 1200 536 duorum?

159 561 206 595 40
224 553 332 594 Talia
363 555 559 595 dicentem
589 566 808 606 nervosque
842 555 888 593 ad
921 554 1038 594 verba
1070 561 1290 595 moventem

224 612 454 665 Exsangues
484 612 629 653 flebant
661 614 840 653 animae:
872 625 944 653 nec
975 613 1161 653 Tantalus
1192 614 1335 654 undam

226 671 403 724 captavit
432 672 610 724 refugam
628 703 640 725 ‚
671 674 899 724 stupuitque
932 671 1076 711 Ixionis
1107 671 1238 726 orbis,

224 730 306 770 Nec
338 742 522 783 carpsere
553 733 664 771 iecur
694 731 874 771 volucres
893 763 904 784 ‚
936 732 1125 782 urnisque
1156 736 1345 770 vacarunt

224 788 408 843 Belides,
438 791 557 841 inque
590 794 657 830 tuo
690 789 856 842 sedisti,
888 789 1082 843 Sisyphe,
1114 801 1228 829 saxo.

161 855 206 887 45
226 847 339 888 Tunc
369 849 541 900 primum
573 848 743 888 lacrimis
774 850 965 888 victarum
997 850 1169 888 carmine
1201 849 1301 887 fama
1332 853 1392 888 est

225 906 488 947 Eumenidum
519 907 715 946 maduisse
747 919 865 958 genas
885 938 894 946 .
932 919 1005 946 nec
1030 909 1137 958 regia
1169 909 1338 946 coniunx

227 965 406 1005 Sustinet
436 967 592 1018 oranti,
624 978 697 1005 nec
729 967 796 1016 qui
827 966 928 1017 regit
958 967 1035 1005 ima
1053 997 1064 1018 ,
1096 977 1262 1017 negare:

225 1022 528 1076 Eurydicenque
559 1030 727 1064 vocant.
765 1023 924 1062 umbras
956 1028 1040 1062 erat
1070 1023 1133 1063 illa
1165 1029 1344 1063 recentes

226 1081 335 1122 Inter
353 1114 365 1135 ,
396 1088 437 1122 et
465 1084 629 1123 incessit
658 1095 777 1135 passu
809 1083 857 1121 de
888 1082 1050 1122 vulnere
1082 1082 1215 1122 tardo.

161 1147 207 1180 bo
226 1140 336 1180 Hanc
367 1140 484 1181 simul
515 1147 555 1181 et
584 1141 710 1193 legem
737 1141 988 1193 Rhodopeius
1021 1142 1162 1192 accipit
1193 1140 1397 1193 Orpheus,

226 1198 283 1239 Ne
314 1199 447 1239 flectat
476 1205 584 1239 retro
616 1212 686 1239 sua
716 1200 893 1252 lumina,
924 1199 1050 1239 donec
1080 1200 1251 1238 Avernas

226 1256 379 1297 Exierit
408 1257 557 1311 valles3
589 1265 655 1298 aut
686 1260 798 1298 irrita
829 1257 930 1297 dona
961 1258 1116 1297 futura.

227 1315 412 1368 Carpitur
442 1316 597 1356 acclivis
628 1329 700 1369 per
731 1322 839 1356 muta
870 1316 1023 1356 silentia
1054 1322 1223 1369 trames,

226 1375 383 1414 Arduus
401 1407 412 1428 ,
444 1375 637 1415 obscurus
655 1407 667 1428 ,
698 1376 860 1426 caligine
893 1375 1038 1414 densus
1069 1387 1210 1427 opaca.

162 1440 206 1473 ⁶⁶
226 1433 308 1473 Nec
338 1434 478 1486 procul
509 1435 694 1474 afuerunt
724 1434 876 1473 telluris
907 1435 1081 1484 margine
1114 1444 1312 1473 summae:

226 1491 300 1532 Hic
318 1524 331 1545 ‚
362 1504 412 1532 ne
444 1492 662 1542 deficeret,
693 1498 876 1532 metuens
894 1524 906 1545 ,
938 1491 1152 1543 avidusque
1184 1490 1364 1543 videndi,

225 1550 353 1590 Flexit
383 1562 517 1590 amans
548 1550 713 1590 oculos:
745 1556 785 1590 et
814 1551 996 1602 protinus
1027 1549 1091 1589 illa
1121 1550 1273 1601 relapsa
1305 1556 1388 1602 est,

226 1608 494 1662 Bracchiaque
525 1609 734 1649 intendens
764 1608 984 1661 prendique
1022 1614 1063 1648 et
1091 1608 1287 1661 prendere
1320 1612 1451 1648 certus

227 1667 291 1707 Nil
321 1669 398 1707 nisi
429 1667 614 1708 cedentes
645 1667 781 1707 infelix
813 1669 952 1719 arripit
983 1679 1123 1706 auras.

163 1726 387 1778 solamque
418 1728 565 1766 iterum
595 1728 768 1765 moriens
799 1738 879 1765 non
900 1731 960 1764 est
984 1726 1032 1764 de
1058 1726 1223 1776 coniuge
1244 1726 1453 1777 quicquam

228 1784 376 1830 Questa
407 1796 509 1825 suo:
542 1784 635 1836 quid
668 1786 773 1824 enim
804 1785 881 1823 nisi
913 1795 954 1823 se
987 1789 1223 1835 quereretur
1254 1780 1454 1823 amatam?

228 1842 545 1896 Supremumque
576 1842 658 1882 vale
677 1874 689 1896 ,
721 1842 824 1894 quod
856 1844 933 1881 iam
963 1843 1025 1881 vix
1051 1841 1212 1881 auribus
1244 1841 1307 1881 ille

227 1902 464 1955 Acciperet,
495 1902 622 1954 dixit,
653 1901 908 1952 revolutaque
941 1913 1080 1940 rursus
1112 1900 1250 1940 eodem
1282 1907 1363 1940 est.

227 1959 314 2000 Non
345 1959 458 2000 aliter
490 1962 642 2013 stupuit
672 1962 825 2012 gemina
857 1971 954 1999 nece
986 1960 1163 2010 coniugis
1195 1958 1401 2011 Orpheus,

164 2025 208 2058 σε
229 2018 356 2065 Quam
386 2020 462 2059 tria
493 2021 562 2071 qui
593 2018 753 2058 timidus
771 2050 783 2071 ,
814 2018 942 2057 medio
973 2023 1156 2069 portante
1188 2023 1344 2057 catenas
1354 2049 1366 2070 ‚

228 2076 335 2116 Colla
365 2079 474 2117 canis
505 2077 630 2130 vidit;
663 2089 780 2129 quem
812 2088 891 2116 non
922 2088 1042 2128 pavor
1073 2081 1163 2116 ante
1195 2076 1378 2128 reliquit,

228 2135 354 2181 Quam
379 2141 518 2176 natura
542 2137 652 2188 prior
670 2167 683 2188 ,
713 2147 804 2175 saxo
829 2147 900 2187 per
927 2147 1071 2187 corpus
1097 2134 1260 2174 oborto:
1315 2142 1345 2168 ¹·
1364 2140 1452 2168 οὐν·

228 2193 384 2246 Quique
415 2196 457 2234 in
488 2206 530 2233 se
561 2196 712 2234 crimen
744 2195 863 2233 traxit
893 2193 1094 2245 voluitque
1125 2193 1248 2232 videri

228 2252 373 2292 Olenos
405 2265 492 2292 esse
523 2264 670 2292 nocens
689 2284 701 2304 ,
732 2258 854 2304 tuque
873 2283 885 2305 ‚
915 2264 939 2291 ο
971 2252 1116 2292 confisa
1146 2252 1319 2303 figurae,

163 2318 209 2352 '10
227 2310 367 2351 Infelix
398 2310 568 2351 Lethaea
586 2342 598 2364 ,
629 2316 719 2350 tuae
737 2342 750 2365 ,
781 2311 1027 2351 iunctissima
1058 2310 1254 2363 quondam
