1538 2496
119 160 204 202 320
327 173 539 197 mpromrrus
669 158 881 193 METAMM
895 186 903 194 .

239 270 365 310 Frena
396 282 513 309 manu
545 269 694 320 spumis
726 267 946 307 albentibus
978 266 1098 307 oblita
1128 267 1280 322 luctor,

148 337 215 369 5-20
236 329 285 368 Et
316 336 423 368 retro
455 329 578 367 lentas
610 326 727 366 tendo
760 328 971 378 resupinus
1002 326 1196 366 habenas.

235 387 315 426 Nec
347 393 475 426 tamen
508 386 576 424 has
607 387 710 424 vires
742 384 870 424 rabies
902 390 1128 437 superasset
1158 397 1374 438 equorum,

236 446 283 484 Ni
315 451 399 484 rota
431 449 667 497 perpetuum
699 455 775 495 qua
806 444 1125 483 circumvolvitur
1158 457 1293 498 axem,

237 504 388 555 Stipitis
421 515 589 543 occursu
621 503 743 542 fracta
774 514 818 542 ac
850 502 1012 542 disiecta
1044 503 1204 542 suisset.

235 562 423 602 Excutior
455 573 606 614 curru,
637 561 810 612 lorisque
843 560 1069 601 tenentibus
1101 567 1210 601 artus

149 628 215 659 525
235 620 392 660 Viscera
423 621 507 659 viva
539 619 641 659 trahi
660 651 671 672 ,
703 632 843 659 nervos
875 621 915 659 in
947 621 1070 672 stirpe
1102 621 1253 673 teneri,

234 679 407 718 Membra
439 680 523 730 rapi
554 680 696 731 partim
715 710 726 731 ,
758 680 979 730 partimque
1010 691 1200 730 reprensa
1230 678 1423 731 relinqui,

235 738 331 777 Ossa
364 749 520 789 gravem
552 737 644 777 dare
677 737 798 776 fracta
829 749 1000 790 sonum,
1031 737 1251 789 fessamque
1282 737 1434 777 videres

233 796 415 835 Exhalari
447 798 642 849 animam,
674 796 879 847 nullasque
911 797 951 834 in
983 807 1150 847 corpore
1180 802 1335 849 partes,

234 855 405 894 Noscere
439 867 534 906 quas
565 867 731 907 posses,
762 866 964 906 unumque
997 859 1081 894 erat
1111 856 1239 894 omnia
1271 854 1434 894 vulnus.

150 921 218 953 530
237 913 340 953 Num
371 919 484 965 potes
516 919 582 953 aut
614 913 733 952 audes
766 913 864 952 cladi
897 924 1132 964 componere
1163 918 1342 966 nostrae,

233 972 409 1025 Nympha
427 1004 438 1026 ,
471 978 577 1012 tuam
595 969 617 1011 *Ρ
647 972 725 1011 vidi
757 984 914 1023 quoque
945 971 1032 1011 luce
1065 973 1238 1011 carentia
1268 983 1412 1025 regna,

234 1030 286 1070 Et
316 1031 489 1070 lacerum
521 1031 599 1070 fovi
629 1030 953 1082 Phlegethontide
987 1042 1131 1082 corpus
1163 1032 1203 1069 in
1235 1030 1362 1069 unda.

234 1089 315 1129 Nec
347 1091 423 1128 nisi
454 1089 678 1140 Apollineae
711 1089 835 1128 valido
868 1089 1123 1128 medicamine
1155 1088 1276 1140 prolis

235 1147 400 1187 Reddita
431 1149 508 1186 vita
540 1149 669 1186 foret.
709 1159 824 1198 quam
856 1146 1266 1199 postquam,fortibus
1298 1146 1430 1187 herbis

148 1213 215 1245 535
236 1206 362 1258 Atque
395 1218 467 1258 ope
500 1206 668 1246 Paeonia
686 1237 697 1259 ,
728 1205 815 1245 Dite
848 1206 1104 1259 indignante,
1135 1207 1293 1258 recepi,

234 1265 335 1304 Tum
366 1265 462 1304 mihi
480 1296 491 1317 ,
522 1277 571 1304 ne
602 1276 789 1316 praesens
822 1277 1006 1316 augerem
1037 1266 1213 1304 muneris
1243 1264 1360 1304 huius

234 1323 422 1364 Invidiam
440 1355 451 1377 ,
483 1322 623 1363 densas
655 1322 799 1362 obiecit
830 1323 992 1375 Cynthia
1024 1323 1172 1363 nubes:

235 1382 363 1433 thue
396 1383 522 1421 forem
554 1387 692 1435 tutus,
723 1394 959 1434 possemque
991 1383 1151 1434 impune
1182 1381 1330 1436 videri,

236 1440 392 1480 Addidit
423 1446 588 1480 aetatem
620 1453 693 1480 nec
725 1440 996 1492 cognoscenda
1027 1441 1187 1492 reliquit
1311 1448 1338 1475 f·
1360 1449 1454 1476 ccxii-

150 1506 217 1538 540
239 1498 315 1538 Ora
347 1499 471 1552 mihi3
504 1499 726 1550 Cretenque
759 1499 825 1538 diu
857 1499 1047 1539 dubitavit
1077 1498 1296 1538 habendam

236 1557 427 1597 Traderet
444 1590 455 1610 ,
487 1570 535 1596 an
567 1557 717 1596 Delon.
755 1556 848 1596 Delo
882 1557 1074 1609 Cretaque
1106 1557 1254 1597 relictis

235 1616 308 1656 Hic
339 1618 500 1668 posuit,
532 1628 753 1667 nomenque
787 1615 902 1655 simul
919 1648 930 1669 ,
963 1616 1067 1668 quod
1104 1617 1230 1668 possit
1268 1627 1459 1667 equorum

236 1675 524 1727 Admonuisse‚
556 1674 666 1714 iubet
696 1674 893 1726 deponere
912 1707 923 1726 ,
956 1671 1069 1725 “qui’
1103 1686 1178 1726 que
1211 1671 1337 1714 ‘fuisti

238 1733 471 1785 Hippolytus
489 1730 516 1786 ,⁹
549 1733 646 1772 dixit
678 1730 798 1773 ‘nunc
829 1733 933 1772 idem
965 1732 1121 1772 Virbius
1154 1738 1238 1772 esto
1253 1729 1295 1772 .''

151 1799 217 1830 545
239 1791 323 1831 Hoc
354 1804 494 1832 nemus
526 1791 616 1831 inde
650 1791 734 1831 colo
753 1823 764 1845 ,
796 1791 843 1831 de
876 1791 1264 1857 disqiieQnoribiis
1295 1804 1398 1831 unus

236 1850 404 1890 Numine
437 1850 509 1890 sub
543 1850 721 1889 dominae
753 1850 853 1890 lateo
886 1856 1003 1902 atque
1037 1862 1248 1890 accenseor
1279 1849 1335 1890 illi
1348 1848 1372 1890 .'

296 1909 382 1948 Non
415 1914 544 1948 tamen
575 1908 740 1960 Egeriae
772 1909 902 1948 luctus
933 1908 1057 1948 aliena
1087 1909 1215 1948 levare

238 1967 384 2006 Damna
415 1968 571 2020 valent,
603 1969 826 2019 montisque
857 1969 988 2007 iacens
1020 1967 1218 2007 radicibus
1248 1968 1337 2007 imis

239 2025 421 2077 Liquitur
452 2028 493 2065 in
524 2026 733 2079 lacrimas,
766 2026 890 2066 donec
920 2027 1065 2078 pietate
1098 2025 1265 2065 dolentis

153 2091 219 2123 550
238 2083 341 2123 Mota
366 2096 478 2124 soror
503 2084 651 2124 Phoebi
677 2084 849 2137 gelidum
874 2084 922 2124 de
948 2097 1112 2137 corpore
1138 2085 1287 2124 fontem
1305 2093 1333 2119 f.
1353 2093 1457 2119 ccxiii-

239 2142 377 2195 Fecit,
409 2149 448 2182 et
480 2149 657 2183 aeternas
690 2149 798 2184 artus
830 2145 1005 2183 tenuavit
1035 2145 1076 2183 in
1107 2142 1255 2183 undas.

240 2199 291 2239 Et
321 2201 509 2252 nymphas
542 2203 669 2253 tetigit
700 2214 798 2242 nova
829 2214 893 2242 res
911 2233 923 2256 ,
955 2207 995 2242 et
1023 2202 1216 2241 Amazone
1248 2206 1362 2242 natus

240 2258 352 2298 Haud
384 2259 496 2299 aliter
528 2262 707 2314 stupuit,
740 2273 855 2313 quam
887 2273 977 2300 cum
1008 2260 1236 2313 Tyrrhenus
1268 2265 1397 2300 arator
1442 2275 1446 2279 ’

239 2317 411 2356 Fatalem
442 2318 616 2369 glaebam
647 2319 786 2359 mediis
819 2321 970 2371 aspexit
1000 2320 1041 2359 in
1072 2321 1174 2359 arvis

156 2382 220 2414 555
243 2375 390 2428 Sponte
411 2388 480 2416 sua
499 2379 669 2429 primum
690 2378 875 2430 nulloque
896 2379 1065 2431 agitante
1084 2379 1256 2432 moveri,
1310 2387 1339 2412 f.
1360 2386 1461 2413 ccxiv-
