1527 2580
530 136 614 171 xm
628 164 638 182 ‚
662 140 730 172 453
740 139 848 172 -525
860 165 867 172 .
1005 148 1140 172 uncum.
1284 135 1368 176 269

62 254 130 286 490
150 246 250 286 Huic
271 258 426 298 quoque
447 246 510 286 dat
530 247 707 285 lacrimas
728 277 736 285 .
763 246 941 286 lacrimas
967 247 1006 285 in
1032 245 1192 285 vulnera
1220 245 1370 296 fundit,

151 304 371 356 Osculaque
402 317 470 344 ore
502 307 626 358 tegit,
659 311 924 356 consuetaque
956 311 1116 356 pectora
1147 304 1313 356 plangit,

152 363 423 414 Canitiemque
456 375 565 402 suam
598 370 782 403 concreto
814 365 853 402 in
886 365 1074 415 sanguine
1105 374 1266 402 verrens

151 422 269 461 Plura
301 421 488 474 quidem,
514 422 581 461 sed
615 430 654 462 et
686 422 781 461 haec
812 421 953 461 laniato
985 427 1145 473 pectore
1177 421 1296 460 dixit:

154 477 294 533 ‘Nata,
326 487 415 520 tuae
448 502 503 508 —
537 481 628 532 quid
662 482 765 519 enim
798 478 1018 532 superest?
1051 503 1105 508 —
1138 479 1248 518 dolor

1068 539 1202 577 ultime
1234 537 1373 589 matri,

64 605 132 637 495
153 597 277 650 Nata,
310 599 443 649 iaces3
475 597 665 649 videoque
699 605 839 650 tuum,
871 609 955 636 mea
988 597 1146 637 vulnera
1167 628 1178 648 ‚
1209 596 1374 635 vulnus.

152 655 211 694 En
230 688 241 708 ‚
274 668 321 695 ne
353 655 592 707 perdiderim
623 668 858 708 quemquam
885 657 969 695 sine
1001 656 1118 696 caede
1151 666 1352 705 meorum,

153 714 213 753 Tu
240 726 397 766 quoque
423 714 564 754 vulnus
590 714 738 754 habes.
778 721 816 754 at
847 721 883 753 te
904 746 914 766 ‚
947 716 1036 765 quia
1063 715 1229 765 semina,
1261 712 1375 752 rebar

153 773 184 811 A
216 773 321 812 ferro
354 779 506 812 tutam.
545 773 721 812 cecidisti
753 779 792 812 et
824 773 967 812 semina
1000 773 1129 812 ferro:

155 831 308 882 Totque
342 837 431 870 tuos
463 831 565 871 idem
599 833 740 870 fratres
759 863 770 884 ,
802 837 840 870 te
872 831 1043 882 perdidit
1074 831 1200 883 idem,

67 898 135 929 500
154 889 327 929 Exitium
358 889 497 929 Troiae
530 892 734 941 nostrique
766 889 953 942 orbator,
986 889 1175 929 Achilles.

154 949 203 988 At
233 954 441 1000 postquam
473 949 614 988 cecidit
644 948 795 988 Paridis
827 947 1052 999 Phoebique
1086 948 1261 999 sagittis,

155 1007 266 1046 Nunc
298 1013 405 1046 certe
424 1039 435 1059 ‚
467 1007 574 1059 dixi,
607 1019 684 1046 non
716 1012 776 1046 est
808 1006 1042 1046 metuendus
1073 1005 1264 1045 Achilles.

154 1065 268 1105 Nunc
300 1077 455 1116 quoque
488 1067 541 1104 mi
572 1065 807 1105 metuendus
839 1070 950 1104 erat.
989 1066 1088 1104 cinis
1119 1066 1203 1116 ipse
1236 1062 1378 1114 sepulti

156 1124 200 1163 In
226 1136 350 1175 genus
369 1123 443 1162 hoc
463 1125 585 1163 saevit
603 1137 613 1164 ε
639 1124 789 1164 tumulo
811 1135 966 1175 quoque
987 1125 1182 1163 sensimus
1202 1122 1379 1161 hostem:

69 1190 136 1222 505
156 1182 345 1222 Aeacidae
377 1182 543 1221 fecunda
575 1183 660 1222 sui.
698 1184 799 1221 iacet
829 1182 926 1221 Ilion
957 1184 1118 1234 ingens,

156 1241 388 1292 Eventuque
420 1242 527 1292 gravi
558 1241 665 1280 finita
697 1247 758 1280 est
788 1240 943 1292 publica
975 1240 1126 1292 clades,

159 1299 236 1339 Sed
262 1300 370 1338 finita
401 1304 561 1339 tamen:
593 1299 665 1338 soli
697 1299 791 1339 mihi
822 1299 1011 1350 Pergama
1042 1303 1215 1350 restant,

158 1358 201 1397 ln
234 1369 433 1409 cursuque
465 1370 577 1397 meus
609 1357 720 1397 dolor
753 1363 840 1397 est.
878 1358 993 1396 modo
1026 1358 1191 1396 maxima
1223 1366 1380 1407 rerum,

158 1417 234 1455 Tot
264 1417 420 1468 generis
452 1418 631 1468 natisque
663 1422 804 1468 potens
835 1416 1080 1467 nuribusque
1112 1416 1300 1466 viroque,

72 1483 140 1515 510
158 1475 272 1514 Nunc
303 1474 439 1514 trahor
471 1475 590 1528 exul,
620 1477 735 1527 inops
753 1506 764 1527 ‚
795 1474 957 1514 tumulis
989 1473 1119 1513 avulsa
1151 1484 1353 1524 meorum,

159 1533 376 1585 Penelopae
408 1545 580 1572 munus.
619 1545 718 1584 quae
751 1545 813 1572 me
845 1532 932 1572 data
963 1543 1084 1584 pensa
1114 1531 1336 1571 trahentem

159 1591 348 1631 Matribus
380 1591 593 1630 ostendens
623 1591 766 1630 Ithacis
799 1588 926 1630 “haec
957 1590 1138 1630 Hectoris
1169 1589 1233 1629 illa
1264 1594 1326 1628 est

143 1649 272 1694 <Clara
302 1661 445 1701 parens
464 1681 475 1702 ‚
506 1650 602 1689 haec
634 1647 708 1689 est'
741 1650 846 1688 dicet
877 1647 1082 1688 ‘Priameia
1115 1644 1340 1688 coniunx''.

160 1708 333 1759 Postque
366 1713 424 1747 tot
455 1710 618 1746 amissos
650 1713 692 1747 tu
725 1719 831 1747 nunc
849 1739 861 1760 ,
893 1719 992 1758 quae
1025 1706 1105 1746 sola
1136 1705 1289 1745 levabas

73 1775 140 1807 515
160 1766 357 1806 Maternos
389 1766 518 1806 luctus
536 1797 548 1819 ‚
578 1765 734 1805 hostilia
764 1765 879 1805 busta
910 1767 1043 1817 piasti.

161 1825 325 1864 Inferias
355 1824 459 1863 hosti
490 1825 654 1876 peperi.
694 1836 770 1875 quo
803 1824 930 1864 ferrea
962 1830 1067 1863 resto
1087 1821 1109 1863 Ῥ

163 1883 313 1929 Quidve
345 1894 478 1922 moror
497 1880 519 1922 *Ρ
551 1895 628 1934 quo
661 1895 722 1921 me
756 1894 916 1935 servas,
949 1894 1094 1922 annosa
1125 1878 1345 1921 senectus?

164 1942 280 1994 Quo,
311 1941 349 1980 di
381 1941 562 1980 crudeles
580 1972 592 1993 ,
623 1942 698 1980 nisi
730 1953 807 1992 quo
840 1953 937 1980 nova
968 1942 1108 1980 funera
1139 1951 1321 1993 cernam,

162 1999 342 2039 vivacem
374 2000 539 2039 differtis
570 2012 688 2039 anum
706 1997 728 2038 *Ρ
760 2001 847 2050 quis
878 2011 993 2051 posse
1025 2004 1182 2051 putaret

77 2066 145 2098 520
164 2058 334 2097 Felicem
364 2058 564 2098 Priamum
594 2063 684 2110 post
715 2058 843 2097 diruta
874 2058 1062 2109 Pergama
1093 2054 1205 2097 dici‘?

164 2116 271 2156 Felix
302 2122 429 2156 morte
460 2128 530 2156 sua
562 2122 649 2156 est.
683 2128 755 2155 nec
785 2122 825 2156 te
844 2147 854 2167 ‚
886 2128 971 2156 mea
997 2122 1085 2156 nata
1102 2147 1114 2168 ‚
1144 2121 1386 2168 peremptam

164 2176 343 2227 Aspicit,
375 2180 415 2215 et
444 2176 562 2214 vitam
592 2177 740 2226 pariter
771 2186 1017 2226 regnumque
1048 2174 1230 2226 reliquit.

165 2234 214 2273 At
230 2265 242 2287 ‚
274 2240 370 2285 puto
389 2265 400 2286 ,
431 2232 638 2273 funeribus
670 2232 856 2272 dotabere
873 2265 885 2286 ,
916 2235 1023 2285 regia
1053 2234 1187 2286 virgo,

167 2291 444 2344 Condeturque
476 2297 589 2331 tuum
620 2292 884 2332 monumentis
915 2304 1060 2344 corpus
1091 2293 1227 2331 avitis.

78 2357 146 2389 525
166 2350 252 2390 Non
283 2350 379 2390 haec
411 2356 472 2390 est
502 2351 658 2390 fortuna
689 2350 828 2390 domus
849 2381 858 2390 .
894 2349 965 2390 tibi
997 2362 1160 2390 munera
1192 2351 1327 2389 matris
