1538 2496
71 135 158 177 280
325 146 480 169 Guneus
652 130 867 165 METAMM
882 158 889 164 .

188 244 328 295 Fitque
362 242 469 282 color
501 243 626 292 primo
660 239 805 279 turbati
837 240 1009 279 fluminis
1041 241 1190 294 imbre,

100 312 169 343 890
188 303 463 353 Purgaturque
490 311 598 338 mora
618 330 626 337 .
665 304 748 338 tum
781 299 902 337 moles
935 305 1058 338 taetra
1090 299 1279 354 dehiscit,

188 361 358 412 Vivaque
389 370 462 411 per
493 359 611 397 rimas
643 369 887 408 proceraque
919 360 1046 409 surgit
1076 358 1281 412 harundo,

189 419 321 470 Osque
355 428 491 457 cavum
523 417 604 454 saxi
636 422 748 455 sonat
780 415 1065 456 exsultantibus
1097 417 1237 457 undis:

189 478 366 528 Miraque
397 487 462 515 res
481 506 492 528 ‚
524 474 654 513 subito
686 473 813 514 media
846 480 962 514 tenus
994 476 1123 515 extitit
1153 475 1237 515 alvo

190 536 391 575 Incinctus
423 535 576 573 iuvenis
607 533 718 572 flexis
751 545 849 572 nova
882 546 1028 573 cornua
1061 535 1220 587 cannis,

102 602 169 635 895
192 595 297 646 Qui,
329 594 404 631 nisi
438 592 541 643 quod
574 593 697 631 maior
716 624 726 644 ‚
759 592 862 643 quod
894 598 976 631 toto
1010 592 1190 634 caerulus
1222 604 1314 646 ore,

187 654 276 692 Acis
308 657 419 690 erat.
448 673 502 678 —
530 650 597 689 sed
630 652 686 689 sic
719 663 874 702 quoque
909 657 993 690 erat
1024 658 1154 690 tamen
1186 651 1305 704 Acis,
1336 652 1377 690 in

1021 722 1174 748 amnem
1223 718 1252 744 f.
1272 717 1415 745 clxxxiv„

190 769 368 821 Versus;
401 775 440 808 et
471 770 675 819 antiquum
709 773 923 808 tenuerunt
953 768 1112 808 flumina
1145 780 1288 808 nomen
1303 765 1327 808 .'

246 828 424 867 Desierat
456 827 612 866 Galatea
642 826 779 879 loqui3
811 833 1007 878 coetuque
1039 826 1167 866 soluto

186 887 431 939 Discedunt,
462 886 702 938 placidisque
735 891 871 925 natant
900 885 1090 925 Nereides
1122 885 1261 926 undis:

103 954 170 987 900
192 945 319 997 Scylla
350 945 481 984 redit.
520 956 648 995 neque
681 945 785 983 enim
817 944 946 983 medio
979 957 1020 984 se
1054 944 1216 984 credere
1246 950 1371 996 ponto

187 1004 343 1056 Audet,
375 1010 415 1043 et
445 1009 512 1043 aut
542 1002 674 1042 bibula
705 1004 790 1042 sine
822 1002 997 1042 vestibus
1030 1009 1136 1042 errat
1165 1003 1334 1057 harena,

189 1063 296 1116 Aut,
328 1061 396 1101 ubi
427 1062 567 1101 lassata
601 1068 689 1114 est,
721 1061 905 1101 seductos
937 1067 1050 1101 nacta
1080 1073 1263 1101 recessus

189 1121 363 1172 Gurgitis
383 1153 394 1173 ‚
425 1120 575 1160 inclusa
607 1132 676 1160 sua
709 1119 885 1159 membra
916 1121 1124 1171 refrigerat
1155 1120 1280 1160 unda.

190 1179 294 1219 Ecce
327 1180 428 1218 freto
462 1178 634 1218 stridens
653 1210 664 1231 ‚
695 1178 762 1217 alti
794 1191 917 1217 novus
949 1178 1076 1218 incola
1106 1180 1218 1230 ponti

98 1246 167 1280 905
187 1238 322 1290 Nuper
353 1239 394 1277 in
426 1237 601 1277 Euboica
631 1238 756 1276 versis
788 1236 1020 1277 Anthedone
1052 1237 1264 1291 membris,

189 1297 358 1336 Glaucus
390 1296 529 1348 adest,
560 1297 745 1347 visaeque
777 1296 960 1347 cupidine
991 1297 1154 1348 virginis
1184 1295 1345 1349 haeret,

187 1356 238 1395 Et
270 1367 541 1407 quaecumque
572 1360 684 1406 putat
715 1355 932 1406 fugientem
962 1367 1078 1406 posse
1110 1356 1282 1409 morari,

188 1413 315 1453 Verba
346 1415 498 1453 refert.
537 1413 637 1464 sugit
666 1412 731 1452 illa
756 1418 887 1452 tamen
905 1445 916 1466 ‚
948 1413 1138 1464 veloxque
1169 1415 1311 1453 timore

189 1473 378 1512 Pervenit
408 1474 448 1511 in
481 1483 678 1511 summum
709 1473 828 1523 positi
858 1483 982 1523 prope
1013 1472 1129 1511 litora
1159 1474 1327 1511 montis.

99 1540 168 1572 910
188 1531 288 1571 Ante
320 1531 466 1570 fretum
498 1535 588 1582 est3
619 1531 757 1581 ingens
790 1531 940 1581 apicem
972 1529 1160 1569 collectus
1191 1532 1233 1570 in
1266 1543 1389 1570 unum

187 1589 345 1641 Longus
378 1589 425 1628 ab
457 1588 695 1640 aequoribus
728 1600 923 1628 convexus
955 1589 996 1627 in
1028 1600 1198 1640 aequora
1229 1595 1388 1629 vertex.

190 1648 373 1687 Constitit
404 1648 497 1700 hic,
529 1652 569 1686 et
599 1652 683 1686 tuta
714 1646 800 1686 loco
819 1678 830 1700 ‚
862 1652 1134 1687 monstrumne
1153 1679 1165 1700 ‚
1197 1647 1346 1687 deusne

188 1707 256 1746 Ille
289 1709 368 1759 sit,
400 1707 614 1758 ignorans,
647 1705 940 1756 admiraturque
973 1705 1146 1745 colorem

190 1765 490 1816 Caesariemque
522 1776 681 1803 umeros
714 1763 967 1815 subiectaque
1000 1770 1110 1819 terga
1141 1770 1364 1818 tegentem,

100 1832 167 1865 915
189 1824 410 1875 Ultimaque
443 1824 611 1875 excipiat
642 1822 746 1874 quod
778 1822 921 1861 tortilis
953 1815 1112 1874 ingffia
1143 1825 1286 1874 piscis.

190 1882 351 1935 Sensit,
384 1887 423 1921 et
454 1883 655 1934 innitens,
688 1893 786 1932 quae
820 1880 945 1935 stahat
975 1883 1180 1935 proxima,
1212 1881 1328 1935 moli,

191 1938 291 1979 ‘Non
325 1953 395 1992 ego
429 1940 651 1992 prodigium
683 1951 756 1979 nec
789 1952 875 1979 sum
908 1940 990 1978 sera
1020 1939 1164 1993 belua,
1195 1941 1328 1993 virgo,

191 1998 267 2037 Sed
300 1997 412 2038 deus'
444 2000 573 2050 inquit
604 1996 771 2050 ‘aquae:
803 2010 876 2037 nec
907 1999 1032 2037 maius
1063 2000 1104 2037 in
1136 2010 1306 2050 aequora

1248 2057 1420 2098 Proteus

191 2115 257 2155 Ius
288 2115 406 2154 habet
437 2123 476 2155 et
507 2117 644 2155 Triton
677 2116 1070 2167 Athamantiadesque
1103 2115 1333 2155 Palaemon.

101 2182 171 2214 920
190 2173 290 2212 Ante
322 2180 452 2213 tamen
485 2175 658 2214 mortalis
692 2187 798 2213 eram
817 2206 828 2228 ,
866 2174 935 2213 sed
967 2174 1118 2213 scilicet
1148 2174 1234 2214 altis

190 2232 354 2271 Deditus
387 2232 653 2286 aequoribus3
685 2235 761 2272 iam
792 2239 877 2272 tum
909 2232 1120 2272 exercebar
1151 2234 1192 2272 in
1223 2232 1320 2272 illis.

190 2289 288 2329 Nam
319 2290 434 2329 modo
467 2291 657 2330 ducebam
689 2291 871 2331 ducentia
901 2293 999 2331 retia
1030 2293 1182 2344 pisces,

188 2348 303 2388 Nunc
336 2350 376 2387 in
410 2349 511 2388 mole
544 2350 684 2388 sedens
717 2349 948 2390 moderabar
979 2349 1197 2390 harundine
1228 2350 1375 2389 linum.

1519 952 1533 984 ’.ι

1523 1067 1535 1089 2
