1554 2506
126 54 182 96 60
341 65 517 88 »suranus
677 50 890 86 METAMM
906 78 914 85 .

241 163 482 203 Planxerunt
512 160 705 212 dryadese
736 159 1009 211 plangentibus
1042 167 1198 201 assonat
1228 161 1357 201 Echo.

242 222 398 272 Iamque
418 232 556 271 rogum
577 230 815 270 quassasque
835 219 939 258 faces
959 219 1228 271 feretrumque
1247 220 1459 272 parabantz

241 280 441 330 Nusquam
473 289 616 329 corpus
648 283 760 316 erat.
798 289 981 317 croceum
1019 289 1090 329 pro
1124 290 1289 331 corpore
1321 278 1458 319 florem

155 346 221 377 510
242 339 448 377 inveniunt
479 336 578 375 foliis
610 335 781 374 medium
813 335 1062 387 cingentibus
1094 335 1213 377 albis.
1306 345 1460 373 Lami.

297 395 459 447 Cognita
491 406 554 433 res
586 395 765 433 meritam
795 396 872 434 vati
902 407 974 447 per
1005 394 1192 434 Achaidas
1223 394 1343 435 urbes

241 454 442 493 Adtulerat
472 453 612 492 samam
630 485 641 505 ‚
673 464 893 504 nomenque
925 459 1010 492 erat
1040 455 1199 505 auguris
1230 455 1391 506 ingens.

242 512 401 564 Spernit
432 511 668 551 Echionides
700 518 829 551 tamen
862 512 966 551 hunc
999 523 1045 551 ex
1078 511 1260 551 omnibus
1291 524 1395 552 unus

242 570 495 622 Contemptor
527 582 713 622 superum
745 569 943 610 Pentheus
962 603 972 622 ‚
1004 582 1268 622 praesagaque
1300 570 1404 609 ridet

154 638 219 669 515
240 628 367 668 Verba
399 631 503 668 senis
522 660 533 682 ,
563 628 825 680 tenebrasque
857 634 897 668 et
933 628 1082 668 cladem
1122 629 1221 669 lucis
1259 629 1459 681 ademptae

241 687 396 726 Obicit.
434 687 498 727 ille
531 699 691 727 movens
723 687 891 726 albentia
922 692 1100 738 tempora
1131 689 1238 727 canis

241 744 382 792 ‘Quam
412 746 504 785 felix
536 758 643 785 esses
661 777 672 799 ,
704 746 738 784 si
768 751 811 784 tu
839 736 994 796 tffioque
1026 745 1184 786 luminis
1214 746 1332 785 huius

240 801 385 844 Orbus'
417 806 469 844 ait
496 802 625 843 ‘fieres
643 835 654 857 ,
685 815 734 843 ne
766 803 955 843 Bacchica
986 815 1096 843 sacra
1126 803 1303 844 videres!

240 863 416 914 Namque
448 863 530 902 dies
562 863 716 914 aderit,
748 874 863 914 quam
883 874 962 901 non
982 862 1120 913 procul
1147 874 1318 914 auguror
1350 873 1461 913 esse,

154 929 221 962 520
242 922 327 968 Qua
358 933 482 961 novus
514 921 592 960 huc
623 922 781 973 veniat,
812 920 942 972 proles
976 920 1167 960 Semeleia
1185 952 1196 973 ‚
1227 920 1363 972 Liber,

242 980 367 1026 Quem
398 981 474 1019 nisi
506 979 742 1030 templorum
773 979 896 1018 fueris
928 978 1109 1030 dignatus
1140 979 1314 1032 honore,

239 1038 343 1077 Mille
373 1038 477 1077 lacer
510 1050 693 1089 spargere
725 1037 821 1076 locis
839 1068 850 1089 ,
882 1043 921 1076 et
952 1038 1140 1088 sanguine
1171 1037 1286 1076 silvas

240 1095 431 1135 Foedabis
463 1101 706 1146 matremque
739 1101 845 1134 tuam
877 1097 1091 1146 matrisque
1123 1107 1304 1135 sororeS.

239 1153 432 1194 Eveniet!
464 1166 591 1205 neque
625 1155 729 1192 enim
760 1153 971 1205 dignabere
1004 1165 1150 1193 numen
1181 1153 1356 1207 honore,

154 1221 220 1253 525
240 1213 379 1264 Meque
412 1212 484 1252 sub
517 1213 577 1251 his
608 1212 782 1251 tenebris
814 1213 978 1251 nimium
1009 1212 1153 1251 vidisse
1184 1214 1363 1265 quereris
1377 1208 1402 1251 .’

240 1271 347 1310 Talia
378 1270 573 1310 dicentem
603 1270 810 1322 proturbat
841 1270 1014 1310 Echione
1046 1276 1184 1310 natus.

241 1329 351 1368 Dicta
382 1329 479 1368 fides
511 1331 690 1380 sequitur
708 1361 719 1381 ‚
750 1341 1018 1380 responsaque
1050 1330 1147 1368 vatis
1179 1335 1349 1381 aguntur

241 1388 358 1427 Liber
389 1387 527 1440 adest,
559 1388 748 1439 festisque
774 1388 948 1428 fremunt
978 1387 1191 1427 ululatibus
1224 1389 1327 1439 agri:

240 1445 372 1485 Turba
403 1447 512 1498 ruit,
544 1447 764 1497 mixtaeque
795 1447 889 1485 viris
915 1452 1138 1497 matresque
1170 1458 1373 1498 nurusque

154 1513 221 1545 530
241 1504 466 1556 Vulgusque
497 1516 763 1556 proceresque
794 1506 925 1556 ignota
957 1504 1003 1543 ad
1036 1516 1145 1543 sacra
1177 1505 1384 1544 seruntur.

243 1561 354 1609 ‘Quis
386 1563 527 1615 furor,
559 1565 798 1614 anguigenae
817 1594 828 1615 ,
859 1562 990 1614 proles
1022 1562 1208 1602 Mavortia
1226 1595 1236 1615 ‚
1268 1569 1418 1603 vestras

241 1622 420 1660 Attonuit
450 1627 601 1661 mentes
620 1619 656 1660 ’θ’
688 1621 889 1660 Pentheus
921 1622 974 1660 ait
1006 1618 1160 1660 ‘aerane
1192 1627 1344 1661 tantum

241 1681 340 1719 Aere
372 1679 529 1731 repulsa
558 1680 688 1719 valent
719 1686 758 1718 et
789 1680 940 1719 adunco
971 1679 1066 1718 tibia
1098 1692 1221 1719 cornu

241 1738 291 1777 Et
321 1740 492 1789 magicae
524 1738 712 1791 fraudes,
742 1744 787 1777 ut
819 1750 916 1789 quos
949 1750 1026 1777 non
1059 1737 1223 1778 bellicus
1256 1739 1385 1791 ensis,

155 1803 220 1836 535
241 1796 326 1835 Non
357 1796 451 1835 tuba
482 1798 699 1849 terruerit,
730 1808 808 1836 non
841 1798 989 1836 strictis
1021 1798 1171 1848 agmina
1203 1797 1316 1849 telis,

241 1854 447 1894 Femineae
480 1867 594 1894 voces
627 1861 666 1894 et
697 1860 801 1894 mota
831 1856 981 1894 insania
1013 1856 1140 1913 vinoN

243 1912 490 1964 Obscenique
521 1926 660 1965 greges
693 1919 732 1952 et
761 1915 889 1952 inania
921 1919 1100 1965 tympana
1133 1910 1323 1953 vincant?

242 1970 369 2010 Vosne
388 2002 399 2023 ,
431 1984 544 2011 senes
563 2003 574 2024 ,
606 1974 754 2024 mirer,
788 1973 855 2023 qui
885 1972 999 2023 longa
1030 1984 1101 2023 per
1133 1984 1302 2023 aequora
1333 1972 1433 2011 vecti

242 2029 323 2068 Hac
354 2029 485 2080 Tyron
504 2062 514 2082 ‚
546 2030 618 2070 hac
649 2031 837 2082 profugos
868 2032 1056 2082 posuistis
1088 2030 1180 2070 sede
1212 2030 1403 2083 Penates,

157 2095 223 2128 540
242 2088 356 2127 Nunc
388 2088 515 2127 sinitis
547 2089 631 2127 sine
662 2088 784 2128 Marte
817 2090 902 2140 capi
921 2086 942 2128 P
973 2101 1093 2128 vosne
1112 2120 1124 2141 ‚
1155 2090 1284 2128 acrior
1315 2094 1445 2140 aetas,

242 2145 274 2185 Ο
306 2148 466 2185 iuvenes
484 2178 495 2199 ‚
525 2148 764 2198 propiorque
785 2159 892 2186 meae
912 2179 923 2200 ‚
955 2159 1053 2198 quos
1085 2159 1190 2186 arma
1221 2153 1380 2200 tenere,

241 2204 327 2243 Non
359 2203 544 2257 thyrsos,
576 2204 759 2256 galeaque
793 2207 899 2258 tegi,
932 2218 1010 2245 non
1042 2205 1210 2259 fronde,
1236 2201 1434 2245 decebat?

242 2262 335 2302 Este
354 2294 365 2314 ‚
395 2275 537 2314 precor
556 2294 567 2315 ,
598 2275 821 2315 memores,
855 2276 930 2315 qua
963 2266 1047 2303 sitis
1074 2266 1196 2315 stirpe
1229 2265 1375 2316 creati,
