1527 2580
658 111 707 146 IV
722 139 730 156 ,
757 115 942 147 648-720
957 140 963 147 .
1088 125 1296 149 annaoueua
1423 113 1476 155 85

174 228 240 260 585
262 220 425 272 Saepius
457 221 647 274 instanti,
680 233 747 260 sua
781 233 828 260 ne
861 221 1000 261 delicta
1034 223 1145 260 fateri

261 278 370 318 Nolle
402 278 600 318 videretur
619 310 630 330 ,
662 291 803 318 nomen
837 286 1043 331 terraeque
1075 292 1292 332 suumque,

262 337 491 388 Quantaque
524 344 721 376 maternae
755 338 873 377 suerit
904 337 1043 377 fiducia
1069 339 1239 390 formae,

262 395 436 434 lndicat.
476 400 515 434 et
546 396 719 434 nondum
751 398 974 435 memoratis
1006 396 1186 436 omnibus
1219 396 1321 436 unda

264 454 468 506 Insonuit‚
501 455 739 505 veniensque
772 456 947 494 inmenso
981 454 1094 494 belua
1125 461 1244 507 ponto

175 520 242 552 690
263 512 443 552 Imminet
475 519 514 551 et
543 512 664 551 latum
697 512 769 552 sub
802 519 961 564 pectore
994 512 1167 564 possidet
1198 525 1366 565 aequor.

263 570 485 610 Conclamat
517 572 654 623 virgo.
693 572 845 622 genitor
877 571 1053 622 lugubris
1085 578 1124 611 et
1155 583 1232 611 una

263 629 385 668 Mater
417 628 555 681 adest,
587 628 699 668 ambo
733 631 894 683 miseri,
927 630 994 669 sed
1027 631 1169 670 iustius
1201 630 1286 669 illa.

263 687 343 726 Nec
375 699 509 726 secum
542 688 757 740 auxilium,
783 688 851 727 sed
884 688 1021 740 dignos
1054 694 1228 740 tempore
1262 689 1376 728 fletus

263 745 573 797 plangoremque
594 747 726 786 ferunt
737 778 748 799 ‚
775 748 983 798 vinctoque
1004 748 1043 786 in
1065 759 1230 799 corpore
1251 747 1481 787 adhaerent:

177 812 243 844 695
265 804 362 843 Cum
395 806 450 844 sic
483 804 625 856 hospes
657 807 737 844 ait:
771 802 1031 844 ‘lacrimarum
1064 805 1176 856 longa
1207 817 1364 845 manere

262 862 455 915 Tempora
487 875 554 902 vos
586 869 803 915 poterunt3
835 863 880 902 ad
913 875 1026 915 opem
1059 863 1186 903 brevis
1225 864 1318 903 hora

1170 922 1368 961 serendam
1401 928 1479 962 est.

265 979 372 1019 Hanc
405 991 476 1031 ego
508 981 541 1018 si
572 986 748 1031 peterem
780 978 949 1019 Perseus
980 979 1067 1018 Iove
1101 986 1214 1019 natus
1246 987 1285 1019 et
1315 980 1400 1032 illa,

265 1038 390 1084 Quam
422 1037 592 1077 clausam
623 1037 798 1089 implevit
830 1037 996 1077 secundo
1029 1037 1203 1089 Iuppiter
1236 1050 1355 1090 aur0,

265 1095 456 1148 Gorgonis
489 1097 742 1147 anguicomae
774 1095 944 1135 Perseus
977 1102 1183 1147 superator
1202 1128 1213 1149 ,
1245 1103 1284 1136 et
1315 1097 1384 1136 alis

182 1163 248 1195 '100
268 1156 402 1194 Aerias
435 1166 554 1194 ausus
585 1156 735 1194 iactatis
768 1155 825 1193 ire
857 1166 928 1205 per
960 1166 1097 1206 auras,

262 1213 491 1252 Praeferrer
523 1214 675 1252 cunctis
708 1218 814 1251 certe
847 1224 995 1263 gener.
1034 1212 1175 1251 addere
1209 1215 1324 1252 tantis

265 1270 429 1311 Dotibus
461 1277 501 1310 et
531 1272 715 1310 meritum
734 1302 744 1322 ‚
777 1271 928 1309 faveant
959 1270 1073 1309 modo
1094 1272 1281 1325 numina,
1314 1278 1482 1324 tempto.

266 1329 316 1369 Ut
346 1341 431 1369 mea
463 1331 514 1368 sit
545 1335 694 1368 servata
727 1340 811 1368 mea
843 1330 985 1368 virtute
1004 1360 1016 1381 ,
1046 1331 1223 1380 paciscor
1238 1327 1262 1369 .'

265 1389 474 1440 Accipiunt
492 1388 618 1439 legem
639 1409 693 1416 —
715 1389 802 1439 quis
824 1388 927 1426 enim
953 1387 1150 1427 dubitaret
1168 1385 1190 1427 ἱ)
1216 1410 1269 1416 -
1291 1394 1330 1428 et
1349 1397 1483 1439 orant,

179 1455 243 1487 705
265 1446 584 1498 Promittuntque
617 1458 736 1498 super
767 1457 933 1497 regnum
965 1446 1091 1485 dotale
1124 1452 1329 1498 parentes,

265 1504 368 1545 Eece
400 1504 506 1544 velut
537 1506 644 1544 navis
674 1505 847 1556 praefixo
879 1506 1031 1548 concita
1062 1511 1191 1544 rostro

267 1563 400 1604 Sulcat
431 1575 581 1616 aquas,
611 1564 796 1603 iuvenum
828 1562 1058 1602 sudantibus
1091 1570 1174 1602 acta
1207 1562 1385 1615 lacertis,

268 1621 333 1662 Sic
364 1623 446 1662 fera
478 1621 635 1662 dimotis
666 1621 836 1673 impulsu
868 1623 1039 1674 pectoris
1072 1621 1186 1660 undis

266 1679 435 1720 Tantum
467 1680 602 1721 aberat
632 1679 803 1732 scopulis
822 1711 833 1731 ‚
865 1686 1053 1730 quantum
1085 1679 1278 1718 Balearica
1312 1684 1414 1718 torto

180 1747 246 1779 710
266 1738 402 1778 Funda
432 1744 563 1790 potest
593 1738 752 1790 plumbo
785 1737 902 1777 medii
933 1739 1199 1777 transmittere
1233 1737 1352 1776 caeli:

268 1797 365 1837 Cum
396 1797 526 1837 subito
558 1798 709 1836 iuvenis
741 1796 905 1848 pedibus
938 1796 1076 1835 tellure
1109 1795 1264 1848 repulsa

266 1856 423 1895 Arduus
455 1858 494 1895 in
525 1855 651 1896 nubes
683 1854 805 1894 abiit.
842 1860 887 1894 ut
917 1856 956 1894 in
989 1866 1158 1905 aequore
1191 1865 1342 1893 summo

267 1913 411 1955 Umbra
443 1916 516 1954 viri
547 1915 627 1953 visa
659 1919 748 1966 est,
779 1914 900 1952 visam
932 1914 1013 1952 fera
1051 1914 1172 1952 saevit
1208 1914 1247 1951 in
1286 1911 1486 1952 umbram.

269 1973 394 2025 thue
426 1972 527 2012 Iovis
559 1984 752 2024 praepes,
785 1983 904 2011 vacuo
938 1983 1026 2010 cum
1059 1971 1154 2010 vidit
1184 1972 1223 2010 in
1256 1982 1346 2010 arvo

182 2039 248 2071 715
267 2030 528 2071 Praebentem
559 2031 717 2070 Phoebo
750 2031 906 2070 liventia
938 2035 1046 2081 terga
1078 2029 1311 2082 draconem,

269 2090 444 2142 Occupat
475 2101 683 2142 aversum;
716 2101 790 2129 neu
823 2099 935 2127 saeva
966 2093 1193 2139 retorqueat
1223 2099 1313 2140 ora,

270 2148 535 2200 Squamigeris
568 2148 698 2187 avidos
730 2148 813 2199 figit
844 2146 1062 2186 cervicibus
1095 2158 1270 2198 ungues:

271 2207 335 2247 Sic
368 2206 487 2246 celeri
518 2207 661 2246 missus
693 2217 881 2258 praeceps
912 2217 983 2257 per
1015 2207 1128 2244 inane
1160 2204 1289 2243 volatu

268 2266 395 2317 Terga
426 2266 530 2304 ferae
562 2266 735 2318 pressit,
767 2264 983 2315 dextroque
1016 2264 1219 2303 frementis
1252 2264 1290 2301 in
1323 2273 1429 2301 armo

182 2332 249 2364 720
269 2323 472 2364 Inachides
504 2324 653 2363 serrum
685 2335 804 2363 curvo
838 2329 951 2363 tenus
983 2321 1129 2362 abdidit
1159 2321 1295 2360 hamo.
