1527 2580
541 121 614 166 IX,
643 125 847 158 142—213.
921 135 1032 160 utne.
1059 136 1211 160 osuzcs
1288 124 1366 166 179

150 230 306 283 Corque
339 231 466 272 ferum
499 233 624 271 satia.
663 231 721 271 vel
753 234 785 271 si
818 232 1063 272 miserandus
1095 240 1133 272 et
1164 233 1289 287 hosti,

150 288 232 329 Hoc
264 296 353 342 est,
385 292 418 330 si
452 290 521 329 tibi
553 303 639 330 sum
659 323 669 342 ‚
702 291 797 330 diris
829 291 1067 331 cruciatibus
1099 304 1254 344 aegram

62 355 128 388 180
150 347 395 400 invisamque
428 351 593 388 animam
628 356 834 401 natamque
867 349 1064 390 laboribus
1097 351 1229 390 aul'er.

148 406 253 446 Mors
285 407 380 447 mihi
414 419 555 447 munus
588 409 690 447 erit.
730 408 843 448 decet
874 409 968 448 haec
1001 408 1093 448 dare
1125 410 1225 448 dona

1140 480 1364 508 novercam.

151 523 255 576 Ergo
288 537 359 577 ego
395 525 613 565 foedantem
647 527 853 577 peregrino
888 526 1029 578 templa
1061 538 1201 566 cruore

152 581 311 622 Busirin
344 584 476 623 domui
496 581 517 623 ⁸?
549 596 742 635 saevoque
776 585 956 624 alimenta
988 587 1161 636 parentis

149 642 296 681 Antaeo
330 639 498 694 eripui?
530 654 601 682 nec
634 655 695 682 me
727 645 894 694 pastoris
926 643 1061 682 Hiberi

63 706 127 740 185
149 699 289 740 Forma
309 700 486 754 triplex,'
501 713 573 740 nec
595 702 717 741 forma
739 702 877 754 triplex
898 708 986 754 tua,
1007 701 1175 742 Cerbere
1189 734 1200 755 ‚
1220 700 1372 742 movit?

149 757 274 798 Vosne
294 791 305 812 ,
336 771 474 798 manus
493 791 504 812 ,
536 759 649 799 validi
680 762 880 812 pressistis
912 772 1058 800 cornua
1091 758 1226 800 tauri?

149 816 332 857 Vestrum
352 830 450 870 opus
470 817 550 858 Elis
571 818 687 858 habet
697 851 709 873 ‚
730 825 903 859 vestrum
919 819 1202 871 Stymphalides
1222 819 1347 859 undae
1362 851 1373 873 ‚

148 875 482 928 Partheniumque
516 889 653 917 nemus
673 874 694 917 Ῥ
725 884 854 917 vestra
885 879 1029 918 virtute
1062 877 1208 918 relatus

148 934 503 975 Thermodontiaco
537 936 707 976 caelatus
740 936 892 976 balteus
924 948 1044 989 auro,

63 1001 128 1034 190
149 993 346 1045 Pomaque
379 993 426 1033 ab
458 996 628 1033 insomni
661 995 933 1034 concustodita
965 992 1168 1034 dracone?

148 1051 230 1091 Nec
263 1052 356 1092 mihi
390 1051 574 1092 Centauri
607 1059 772 1105 potuere
804 1055 1020 1106 resistere,
1053 1065 1124 1092 nec
1157 1055 1209 1092 mi

149 1111 334 1150 Arcadiae
368 1117 537 1151 vastator
569 1124 662 1163 aper
682 1109 704 1151 Ῥ
735 1124 807 1152 nec
839 1112 988 1164 profuit
1017 1111 1162 1163 hydrae

150 1168 338 1210 Crescere
371 1181 441 1222 per
473 1169 658 1209 damnum
689 1172 942 1222 geminasque
974 1181 1175 1209 resumere
1208 1167 1345 1209 vires?

151 1228 252 1275 Quid
270 1259 282 1281 ,
314 1240 404 1268 cum
435 1228 598 1268 Thracis
631 1241 754 1281 equos
784 1229 954 1269 humano
988 1229 1176 1280 sanguiue
1209 1230 1373 1281 pingues

65 1294 128 1328 195
149 1287 347 1338 Plenaque
380 1287 613 1339 corporibus
644 1287 783 1327 laceris
815 1289 1019 1340 praesepia
1050 1286 1151 1338 vidi,

152 1345 318 1398 Visaque
352 1345 505 1399 deieci,
538 1346 818 1398 dominumque
851 1349 1035 1400 ipsosque
1067 1343 1252 1398 peremi?

150 1404 219 1444 His
251 1404 345 1444 elisa
376 1406 476 1444 iacet
508 1405 629 1445 moles
662 1405 852 1445 Nemeaea
884 1405 1063 1444 lacertis:

151 1463 231 1503 Hae
264 1463 415 1503 caelum
448 1465 600 1504 cervice
633 1463 732 1503 tuli.
771 1464 924 1503 defessa
954 1462 1125 1502 iubendo
1158 1468 1219 1502 est

152 1521 273 1562 Saeva
306 1521 404 1562 lovis
437 1523 636 1563 coniunx:
669 1534 739 1574 ego
772 1534 859 1562 sum
892 1521 1112 1561 indefessus
1145 1520 1316 1572 agendo.

66 1589 134 1622 200
157 1581 234 1621 Sed
268 1593 366 1621 nova
397 1583 519 1634 pestis
552 1581 690 1635 adest,
722 1583 787 1622 cui
817 1593 890 1621 nec
922 1582 1066 1620 virtute
1099 1581 1229 1619 resisti

151 1639 232 1679 Nec
266 1640 352 1680 telis
385 1641 582 1691 armisque
615 1646 766 1692 potest.
806 1638 1057 1692 pulmonibus
1090 1643 1195 1678 errat

152 1698 256 1750 Ignis
288 1699 385 1738 edax
417 1700 504 1738 imis
523 1730 534 1751 ‚
565 1710 713 1750 perque
747 1710 882 1737 omnes
913 1699 1086 1750 pascitur
1118 1702 1248 1736 artus.

155 1759 203 1797 At
234 1757 334 1796 valet
366 1756 640 1808 Eurystheus!
673 1763 712 1796 et
743 1763 835 1796 sunt
853 1788 863 1808 ,
896 1758 964 1808 qui
996 1755 1157 1795 credere
1190 1755 1342 1806 possint

153 1815 251 1856 Esse
277 1816 372 1856 deos
391 1812 427 1855 ’θ’
460 1816 585 1869 dixit,
616 1827 766 1868 perque
799 1815 919 1854 altum
951 1815 1107 1854 saucius
1140 1812 1264 1852 Oeten

65 1881 132 1915 205
153 1874 265 1914 Haud
296 1874 409 1914 aliter
441 1874 617 1926 graditur
636 1906 647 1927 ,
679 1886 795 1926 quam
827 1875 859 1912 si
891 1872 1079 1912 venabula
1112 1877 1247 1911 taurus

153 1933 328 1986 Corpore
360 1934 433 1973 fixa
465 1939 603 1986 gerat,
637 1934 804 1984 factique
838 1932 1028 1984 refugerit
1060 1935 1217 1970 auctor.

155 1992 279 2044 Saepe
310 1991 421 2032 lllum
452 1993 620 2044 gemitus
654 1992 834 2031 edentem
853 2023 863 2043 ,
896 2002 1011 2042 saepe
1045 1990 1300 2041 frementem,

155 2050 281 2103 Saepe
312 2056 615 2102 retemptantem
649 2056 749 2090 totas
782 2050 999 2100 refringere
1032 2054 1160 2087 vestes

157 2109 488 2161 Sternentemque
522 2109 652 2149 trabes
684 2111 998 2159 irascentemque
1031 2106 1184 2146 videres

68 2176 136 2209 210
156 2168 354 2208 Montibus
385 2174 452 2207 aut
483 2169 608 2220 patrio
642 2167 868 2208 tendentem
899 2165 1081 2206 bracchia
1113 2164 1242 2204 caelo.

154 2226 257 2267 Ecce
290 2226 436 2266 Lichan
471 2226 666 2279 trepidum
699 2226 916 2265 latitantem
948 2237 1044 2277 rupe
1077 2229 1207 2263 cavata

154 2286 332 2339 Aspicit,
363 2292 486 2337 utque
519 2284 629 2325 dolor
663 2284 811 2324 rabiem
842 2283 1052 2336 collegerat
1083 2294 1261 2335 omnem,

156 2341 314 2399 ‘Tune,
346 2343 463 2385 Licha
481 2341 508 2398 ‚²
541 2343 638 2384 dixit
670 2341 818 2384 ‘feralia
850 2343 949 2383 dona
981 2338 1156 2382 dedisti?

1028 2407 1097 2443 12*
