1507 2580
529 100 561 134 11
579 128 587 143 ,
617 104 799 134 135-208
816 127 823 133 .
966 112 1146 134 prum-nou
1290 99 1343 138 27

125 209 175 248 Et
205 213 325 249 vetito
358 211 503 248 frustra
536 215 779 260 temptarunt
809 221 978 260 aequore
1011 210 1158 260 tingui.

127 268 314 319 Quaeque
346 267 435 319 polo
466 269 591 319 posita
625 275 684 306 est
715 268 864 319 glaciali
896 269 1072 319 proxima
1105 268 1299 318 Serpens,

127 326 288 378 Frigore
320 329 430 378 pigra
462 328 572 378 prius
605 339 676 365 nec
710 327 965 365 formidabilis
997 327 1088 379 ulli,

40 393 106 424 175
131 385 295 424 Incaluit
326 387 570 436 sumpsitque
604 397 720 423 novas
753 385 974 425 fervoribus
1004 387 1105 424 iras.

124 443 179 482 Te
212 456 368 495 quoque
400 443 600 482 turbatum
632 451 850 484 memorant
881 446 1028 495 fugisse
1047 476 1057 496 ,
1089 443 1233 495 Boote‚

129 502 313 548 Quamvis
340 502 475 541 tardus
502 514 588 541 eras
620 510 660 541 et
691 509 729 541 te
762 509 827 541 tua
859 503 1032 554 plaustra
1063 502 1269 541 tenebant.

125 560 175 599 Ut
206 573 298 600 vero
330 573 483 599 summo
515 561 694 613 despexit
725 561 771 600 ab
804 562 961 600 aethere
993 568 1119 600 terras

125 619 264 658 Infelix
296 619 498 658 Phaethon
530 622 687 671 penitus
719 622 955 671 penitusque
988 622 1184 671 iacentes,

40 684 105 717 180
125 677 295 730 Palluit,
327 684 366 717 et
397 678 527 717 subito
553 691 680 730 genua
712 681 952 718 intremuere
985 680 1150 731 timore,

125 736 305 788 Suntque
338 737 463 776 oculis
495 734 681 776 tenebrae
713 750 784 788 per
817 744 967 776 tantum
1000 737 1132 776 lumen
1164 737 1345 775 obortae.

123 794 174 834 Et
204 797 281 834 iam
312 794 443 834 mallet
467 808 589 847 equos
622 808 835 847 numquam
865 798 1040 846 tetigisse
1071 801 1278 847 paternos,

125 853 206 892 lam
233 866 422 905 cognosse
454 867 579 905 genus
611 856 746 907 piget,
778 862 818 893 et
849 855 1014 893 valuisse
1048 854 1243 905 rogando3

126 911 206 951 Iam
236 912 407 964 Meropis
439 913 517 952 dici
548 915 710 964 cupiens
742 915 795 952 ita
826 913 953 952 fertur
971 945 982 965 ‚
1013 919 1058 952 ut
1089 919 1174 951 acta

41 978 105 1009 185
125 971 335 1023 Praecipiti
366 973 483 1023 pinus
514 971 633 1010 borea
652 1003 663 1024 ‚
695 973 758 1010 cui
790 973 890 1010 victa
921 973 1073 1010 remisit

125 1030 251 1068 Frena
283 1041 379 1068 suus
411 1036 573 1082 rector,
605 1042 721 1081 quam
753 1030 812 1068 dis
844 1032 1022 1081 votisque
1054 1030 1231 1081 reliquit.

127 1088 230 1134 Quid
261 1089 377 1127 faciat
395 1085 417 1127 Ῥ
448 1088 615 1128 multum
642 1088 737 1128 caeli
768 1094 858 1140 post
889 1095 998 1140 terga
1030 1088 1233 1140 relictum,

126 1148 226 1186 Ante
258 1147 393 1186 oculos
425 1147 515 1198 plus
547 1154 636 1186 est.
675 1149 803 1186 animo
836 1149 997 1186 metitur
1028 1153 1260 1197 utrumque.

125 1205 176 1244 Et
206 1205 321 1244 modo
354 1217 452 1256 quos
484 1206 540 1244 illi
571 1206 693 1245 satum
726 1208 953 1257 contingere
986 1217 1065 1244 non
1098 1212 1181 1258 est,

41 1271 106 1302 190
124 1264 321 1316 Prospicit
351 1276 514 1303 occasus
539 1295 550 1316 ,
582 1264 783 1303 interdum
814 1265 976 1316 respicit
1006 1269 1138 1303 ortus.

127 1322 309 1374 Quidque
342 1329 457 1375 agat,
487 1325 648 1374 ignarus
680 1329 813 1374 stupet
843 1329 883 1361 et
920 1334 992 1361 nec
1024 1323 1133 1361 frena
1165 1324 1351 1372 remittit,

125 1381 206 1420 Nec
238 1383 410 1420 retinere
442 1381 573 1434 valet,
604 1394 678 1420 nec
709 1383 867 1420 nomina
898 1382 1005 1420 novit
1036 1393 1251 1432 equorum.

128 1440 270 1491 Sparsa
303 1452 460 1491 quoque
492 1442 532 1479 in
563 1442 669 1479 vario
702 1442 847 1492 passim
878 1439 1066 1479 miracula
1098 1439 1204 1478 caelo

126 1498 413 1550 vastarumque
445 1498 551 1538 videt
582 1499 760 1550 trepidus
793 1498 999 1538 simulacra
1032 1499 1228 1537 serarum.

42 1565 105 1596 195
126 1556 198 1597 Est
228 1557 367 1610 locus,
399 1559 439 1596 in
471 1559 647 1609 geminos
678 1557 746 1597 ubi
777 1557 959 1596 bracchia
991 1563 1177 1596 concavat
1207 1569 1322 1595 arcus

128 1616 316 1668 Scorpius
334 1648 346 1669 ‚
377 1623 417 1655 et
448 1616 570 1655 cauda
602 1616 792 1667 flexisque
824 1617 1023 1666 utrimque
1049 1615 1205 1654 lacertis

127 1674 299 1726 Porrigit
329 1677 369 1714 in
402 1677 571 1726 spatium
603 1677 806 1726 signorum
837 1674 1011 1713 membra
1043 1674 1233 1713 duorum.

127 1733 242 1773 Hunc
274 1745 373 1785 puer
405 1740 450 1772 ut
480 1735 582 1785 nigri
613 1733 812 1772 madidum
844 1733 988 1772 sudore
1019 1733 1160 1771 veneni

128 1791 296 1831 Vulnera
328 1798 486 1832 curvata
519 1794 762 1831 minitantem
795 1791 957 1843 cuspide
988 1791 1108 1842 vidit,

42 1858 110 1891 ‘200
128 1850 270 1890 Mentis
302 1853 415 1903 inops
447 1851 572 1902 gelida
604 1851 811 1890 formidine
844 1850 926 1888 lora
958 1851 1132 1889 remisit.

129 1909 237 1956 Quae
269 1916 477 1961 postquam
509 1921 661 1949 summo
694 1911 859 1960 tetigere
891 1910 1056 1947 iacentia
1088 1915 1223 1960 tergo,

128 1968 407 2020 Exspatiantur
437 1970 528 2020 equi
546 2000 558 2021 ,
589 1968 774 2019 nulloque
805 1966 1006 2006 inhibente
1037 1979 1108 2018 per
1139 1978 1253 2005 auras

130 2027 289 2079 Ignotae
319 2029 492 2079 regionis
525 2033 649 2079 eunt,
681 2038 834 2077 quaque
860 2027 1030 2077 impetus
1062 2027 1165 2077 egit,

130 2086 211 2125 Hac
243 2087 326 2124 sine
358 2086 442 2138 lege
475 2091 626 2138 ruunt,
657 2085 813 2136 altoque
845 2083 919 2123 sub
951 2084 1108 2123 aethere
1141 2085 1226 2122 fixis

44 2145 339 2184 2051ncursant
370 2144 523 2196 stellis,
554 2145 791 2195 rapiuntque
822 2155 894 2195 per
925 2145 1007 2182 avia
1038 2155 1222 2182 currum.

130 2203 181 2243 Et
211 2203 326 2242 modo
359 2215 510 2242 summa
540 2208 710 2255 petunt,
740 2202 856 2241 modo
881 2213 953 2253 per
984 2201 1131 2240 declive
1163 2203 1321 2252 viasque

130 2262 370 2314 Praecipites
402 2263 527 2314 spatio
559 2267 688 2300 terrae
719 2262 903 2313 propiore
936 2261 1141 2300 seruntur.

131 2320 380 2373 Inferiusque
411 2322 493 2360 suis
524 2320 719 2359 fraternos
751 2331 912 2358 currere
946 2318 1053 2358 Luna
