1554 2506
96 77 180 120 120
312 90 508 113 rmnonmna
646 76 859 112 METAMM
873 103 882 112 .

211 187 387 228 Vincitur
419 187 620 227 ambarum
651 188 805 239 genitor
836 199 982 239 prece.
1015 189 1158 240 gaudet
1189 191 1345 242 agitque

210 247 277 286 Illa
308 248 410 299 patri
441 252 570 298 grates
589 277 601 298 ‚
627 252 666 284 et
698 248 937 286 successisse
970 246 1122 287 duabus

121 306 251 346 4851d
284 311 396 358 putat
425 305 558 344 infelix
577 336 588 357 ‚
620 304 723 355 quod
756 306 831 344 erit
861 305 1027 356 lugubre
1059 306 1233 347 duabus.

209 365 288 404 lam
320 363 428 402 labor
461 365 625 414 exiguus
656 362 814 402 Phoebo
841 363 1042 417 restabat,
1075 366 1244 416 equique

209 422 421 462 Pulsabant
451 421 616 472 pedibus
649 423 817 473 spatium
850 422 1008 462 declivis
1041 422 1217 475 Olympi:

209 482 264 521 Re
294 480 371 520 ales
404 480 540 532 epulae
572 482 718 520 mensis
751 487 790 520 et
820 480 996 521 Bacchus
1028 483 1068 520 in
1101 494 1196 521 auro

209 540 402 579 Ponitur.
442 539 532 578 hinc
565 539 715 591 placido
749 540 892 579 dantur
924 552 993 580 sua
1027 552 1192 593 corpora
1224 553 1384 580 somno.

122 607 188 638 490
209 598 277 649 [At
307 610 376 636 rex
409 597 629 650 Odrysius,
662 600 835 650 quamvis
869 601 1061 652 secessit,
1087 601 1126 639 in
1164 599 1227 638 illa

208 658 399 708 Aestuat3
431 662 471 696 et
501 662 687 709 repetens
721 658 859 696 faciem
891 664 1100 709 motusque
1133 670 1350 710 manusque

209 715 345 761 Qualia
377 715 458 754 vult
490 715 600 767 fingit
632 728 730 767 quae
762 715 936 755 nondum
967 717 1092 769 vidit,
1124 722 1163 755 et
1193 718 1303 768 ignes

208 774 295 826 lpse
328 786 420 813 suos
454 776 579 813 nutrit
610 786 704 813 cura
736 781 961 813 removente
995 787 1178 827 soporem
1192 774 1219 825 .]

208 831 292 872 Lux
325 839 436 886 erat,
470 839 509 872 et
539 834 675 885 generi
707 833 883 872 dextram
915 833 1141 885 complexus
1174 836 1304 873 euntis

119 899 186 931 495
207 891 383 931 Pandion
416 893 599 931 comitem
631 892 801 931 lacrimis
834 892 1082 932 commendat
1113 892 1285 932 obortis:

209 948 333 989 ‘Hanc
365 962 460 1003 ego,
493 963 582 989 care
615 962 760 1004 gener,
793 952 976 1002 quoniam
1007 953 1071 1003 pia
1103 963 1219 991 causa
1252 952 1401 1004 coegit,

207 1008 257 1048 Et
288 1008 447 1048 voluere
480 1009 615 1048 ambae
634 1042 645 1062 ‚
677 1008 836 1048 voluisti
867 1015 909 1049 tu
943 1022 1099 1061 quoque
1118 1042 1129 1062 ‚
1161 1010 1315 1062 Tereu,

207 1067 262 1106 Do
294 1067 395 1107 tibi.
432 1080 583 1119 perque
615 1067 731 1107 fidem
763 1074 1005 1119 cognataque
1038 1074 1198 1120 pectora
1229 1069 1412 1121 supplex,

206 1126 283 1165 Per
315 1138 481 1177 superos
514 1139 584 1165 oro
603 1158 613 1178 ‚
644 1128 770 1177 patrio
803 1133 847 1166 ut
879 1128 1025 1166 tuearis
1059 1139 1214 1180 amore,

119 1192 186 1225 500
206 1184 256 1223 Et
287 1184 382 1223 mihi
415 1185 604 1224 sollicitae
637 1184 807 1224 lenimen
841 1185 954 1224 dulce
987 1191 1168 1225 senectae

207 1243 333 1290 Quam
363 1244 535 1295 primum
568 1265 623 1271 -—-
657 1245 783 1282 omnis
823 1245 897 1283 erit
935 1244 1047 1283 nobis
1084 1257 1192 1284 mora
1230 1245 1342 1296 longa
1375 1267 1429 1274 —

1018 1305 1217 1342 remittas.

205 1360 265 1401 Tu
304 1373 461 1412 quoque
502 1373 616 1412 quam
654 1362 825 1412 primum
858 1383 911 1388 —
946 1363 1039 1401 satis
1077 1368 1137 1401 est
1173 1362 1312 1414 procul
1344 1375 1430 1402 esse

955 1432 1131 1459 sororem
1164 1442 1218 1448 -—

207 1478 248 1517 Si
279 1479 404 1530 pietas
439 1478 514 1517 ulla
547 1484 635 1531 est,
667 1478 713 1517 ad
746 1479 838 1530 me‘,
870 1478 1114 1532 Philomela,
1145 1479 1272 1519 redito
1289 1478 1312 1518 .'

206 1536 439 1589 Mandabat,
469 1538 696 1588 pariterque
729 1548 822 1576 suae
854 1536 968 1576 dabat
1000 1537 1133 1576 oscula
1165 1544 1300 1590 natae,

117 1603 183 1636 605
204 1594 254 1634 Et
284 1595 468 1635 lacrimae
500 1595 600 1634 dites
631 1597 735 1634 inter
767 1595 946 1635 mandata
978 1596 1189 1635 cadebant.

204 1653 334 1705 thue
365 1654 441 1693 fide
471 1655 615 1706 pignus
647 1654 803 1693 dextras
835 1655 1043 1706 utriusque
1074 1656 1278 1708 poposcit,

204 1712 312 1752 Inter
344 1724 465 1764 seque
498 1712 606 1751 datas
638 1714 793 1766 iunxit,
826 1718 1034 1765 natamque
1066 1719 1328 1766 nepotemque

204 1770 397 1810 Absentes
429 1783 500 1823 pro
534 1783 576 1810 se
608 1773 773 1811 memori
804 1778 915 1823 rogat
947 1784 1015 1811 ore
1048 1772 1240 1825 salutent3

205 1829 523 1882 Supremumque
554 1829 636 1869 vale
667 1830 783 1882 pleno
816 1830 1051 1881 singultibus
1083 1843 1152 1870 ore

116 1897 184 1928 510
204 1887 275 1927 Vix
308 1888 433 1942 dixit,
465 1890 674 1940 timuitque
707 1901 800 1928 suae
830 1890 1228 1941 praesagiafflentis.

204 1946 255 1986 Ut
287 1947 406 1986 semel
437 1949 607 1999 inposita
639 1953 698 1987 est
728 1948 858 1999 pictae
888 1947 1102 1987 Philomela
1135 1949 1312 2000 carinae,

204 2005 491 2057 Admotumque
525 2007 669 2045 fretum
701 2007 820 2045 remis
853 2006 1048 2059 tellusque
1080 2006 1237 2058 repulsa
1268 2013 1353 2058 est,

206 2061 393 2104 ‘Vicimus
413 2061 438 2104 Γ
471 2065 661 2104 exclamat
694 2062 864 2105 ‘mecum
895 2078 980 2104 mea
1001 2071 1099 2105 ,vota
1132 2062 1352 2105 feruntur!'

204 2122 442 2174 Exultatque
475 2130 513 2162 et
544 2125 606 2163 vix
638 2125 766 2163 animo
799 2135 867 2163 sua
900 2124 1039 2176 gaudia
1070 2124 1201 2163 differt

115 2189 183 2221 515
203 2180 400 2220 Barbarus
419 2213 430 2233 ,
463 2188 502 2220 et
533 2194 727 2233 nusquam
758 2182 891 2221 lumen
924 2183 1133 2234 detorquet
1158 2181 1205 2221 ab
1237 2182 1324 2222 illa:

205 2240 290 2279 Non
323 2240 465 2292 aliter,
499 2252 614 2291 quam
646 2253 736 2279 cum
768 2241 934 2293 pedibus
966 2240 1174 2293 praedator
1206 2240 1371 2280 obuncis

206 2297 396 2351 Deposuit
428 2298 518 2338 nido
552 2298 726 2351 leporem
760 2299 858 2339 lovis
892 2299 971 2340 ales
1002 2301 1044 2340 in
1076 2299 1176 2351 alt03
