1554 2506
108 88 190 128 144
309 97 529 121 MYRMIDONES
649 81 864 117 METAMM
880 108 888 116 .

220 196 304 236 Nox
337 195 470 248 subit,
502 202 541 234 et
571 195 678 233 curis
709 193 880 231 exercita
911 204 1077 243 corpora
1108 203 1268 232 somnus

133 264 199 295 635
221 255 423 307 Occupat.
461 259 550 292 ante
582 251 716 291 oculos
749 251 883 290 eadem
916 250 1009 289 mihi
1042 262 1213 302 quercus
1244 250 1380 290 adesse

222 314 271 353 Et
302 314 530 366 promittere
563 310 695 363 idem,
727 309 969 361 totidemque
1002 309 1180 348 animalia
1213 311 1331 349 ramis

221 373 341 412 Ferre
374 373 454 410 suis
486 372 566 409 visa
598 375 686 422 est,
717 370 943 421 pariterque
975 369 1204 407 tremiscere
1236 373 1368 421 motu,

222 431 549 484 Gr'niseiumque
582 440 720 479 agmen
753 427 941 467 subiectis
973 439 1158 479 spargere
1189 428 1230 466 in
1262 428 1387 480 arvis;

223 444 410 551 Cucscere
443 488 547 540 quod
581 487 709 526 subito
743 492 782 526 et
813 489 938 526 maius
970 487 1175 537 maiusque
1207 485 1356 538 videri,

135 557 201 588 640
222 550 275 588 Ae
302 560 342 587 se
368 547 505 587 tollere
533 547 651 586 humo
678 551 866 598 rectoque
893 547 1077 584 assistere
1104 550 1269 598 trunco,
1306 553 1337 579 ι.
1357 553 1445 580 mxxi.

221 607 270 647 Et
302 608 465 646 maciem
497 617 785 656 numerumque
823 604 967 656 pedum
1006 605 1242 655 nigrumque
1274 602 1446 642 colorem

222 666 375 705 Ponere
394 698 405 719 ,
437 671 477 705 et
506 665 716 704 humanam
749 663 935 702 membris
967 663 1155 702 inducere
1188 663 1375 701 formam.

225 725 395 764 Somnus
427 723 535 763 abit.
573 723 714 762 damno
746 723 908 773 vigilans
941 733 1027 761 mea
1058 723 1138 759 visa
1157 752 1168 774 ,
1199 732 1424 772 querorque

223 784 265 823 ln
299 784 454 836 superis
488 784 572 834 opis
605 793 691 821 esse
723 781 848 820 nihil.
887 786 925 819 at
955 782 996 819 in
1029 779 1190 819 aedibus
1222 780 1360 831 ingens

136 849 203 882 645
224 842 403 882 Murmur
435 847 548 894 erat,
580 851 775 891 vocesque
808 840 1010 878 hominum
1042 837 1228 877 exaudire
1259 837 1418 877 videbar

223 902 302 940 Iam
335 901 429 940 mihi
462 900 644 939 desuetas
665 931 673 938 .
712 898 805 937 dum
832 899 1012 950 suspicor
1032 897 1101 936 has
1122 909 1279 948 quoque
1299 898 1447 950 somni,

223 960 326 999 Ecce
357 961 465 998 venit
495 959 681 998 Telamon
713 969 936 1009 properus,
969 956 1199 1007 foribusque
1230 955 1395 995 reclusis

225 1015 415 1071 “Speque
446 1017 631 1070 fideque,
663 1022 774 1068 pater
793 1012 818 1068 ‚³
852 1016 949 1054 dixit
982 1012 1143 1054 ‘maiora
1173 1013 1346 1053 videbis.

223 1077 422 1129 Egredere
443 1073 484 1116 !''
518 1076 728 1127 egredior:
762 1074 974 1126 qualesque
1007 1075 1048 1113 in
1081 1074 1248 1124 imagine
1281 1074 1408 1112 somni

137 1143 205 1176 650
224 1135 338 1175 Visus
371 1147 478 1174 eram
509 1135 652 1174 vidisse
685 1135 819 1186 viros,
853 1145 899 1172 ex
932 1132 1070 1171 ordine
1103 1131 1200 1171 tales

223 1196 379 1246 Aspicio
412 1205 640 1245 noscoque.
680 1191 854 1244 adeunt,
886 1202 1099 1242 regemque
1132 1189 1323 1229 salutant.

225 1253 321 1293 Vota
352 1252 432 1292 Iovi
463 1252 569 1291 solvo
589 1283 601 1306 ‚
631 1251 865 1303 populisque
897 1249 1124 1289 recentibus
1158 1248 1295 1288 urbem

224 1312 378 1351 Partior
410 1317 450 1350 et
479 1323 622 1350 vacuos
653 1311 795 1362 priscis
827 1308 1045 1348 cultoribus
1077 1320 1215 1359 agros:

225 1370 565 1422 Myrmidonasque
598 1381 723 1421 voco,
757 1381 830 1408 nec
862 1369 1012 1419 origine
1044 1368 1202 1406 nomina
1235 1365 1394 1406 fraudo.

138 1437 205 1469 655
226 1429 400 1481 Corpora
431 1429 562 1468 vidisti
581 1441 590 1467 ε
610 1439 741 1466 mores
774 1439 873 1478 quos
905 1434 995 1465 ante
1027 1425 1238 1477 gerebant,

225 1488 338 1528 Nunc
371 1499 527 1539 quoque
559 1485 705 1526 habent
723 1518 734 1538 ‚
766 1497 1006 1538 parcumque
1040 1496 1164 1536 genus
1195 1484 1427 1536 patiensque

1249 1542 1450 1596 laborum,

227 1606 480 1657 Quaesitique
512 1611 627 1644 tenax
659 1610 700 1644 et
731 1603 834 1655 quod
867 1604 1042 1654 quaesita
1074 1607 1273 1641 reservet.

226 1664 275 1703 Hi
305 1671 343 1704 te
376 1664 422 1704 ad
454 1663 554 1703 bella
586 1675 700 1715 pares
733 1663 844 1701 annis
877 1663 1095 1712 animisque
1127 1666 1368 1713 sequentur,

227 1722 325 1762 Cum
355 1724 527 1775 primum
560 1723 627 1773 qui
658 1727 697 1760 te
730 1721 896 1760 feliciter
917 1720 1075 1772 attulit,
1108 1716 1245 1759 eurus'
1277 1741 1334 1747 -—

139 1790 207 1822 660
226 1781 358 1821 Eurus
391 1783 496 1821 enim
527 1780 712 1820 attulerat
731 1802 786 1808 —-
813 1777 949 1819 ‘fuerit
980 1784 1152 1818 mutatus
1184 1779 1225 1817 in
1256 1775 1452 1818 austros.’

286 1840 446 1880 Talibus
478 1846 595 1891 atque
628 1839 711 1878 aliis
744 1838 904 1889 longum
936 1837 1184 1877 sermonibus
1215 1836 1271 1876 illi

228 1899 441 1951 implevere
474 1899 605 1938 diem.
644 1897 743 1937 lucis
774 1909 865 1949 pars
897 1896 1223 1939 ultimffmensae

226 1958 298 1997 Est
329 1958 416 1997 data
435 1990 445 2010 ,
477 1970 553 1997 nox
587 1958 733 1996 somnis
753 1987 762 1995 .
800 1955 912 1995 iubar
945 1967 1089 1994 aureus
1122 1953 1316 1994 extulerat
1347 1953 1429 1993 sol:

228 2016 362 2056 Flabat
394 2016 517 2055 adhuc
552 2028 672 2055 eurus
704 2014 957 2066 redituraque
989 2013 1072 2053 vela
1103 2012 1282 2052 tenebat.

141 2083 208 2115 665
229 2075 283 2114 Ad
319 2075 530 2126 Cephalum
562 2074 736 2113 Pallante
768 2075 870 2126 sati,
903 2074 967 2112 cui
999 2072 1182 2124 grandior
1214 2077 1344 2124 aetas,

229 2134 283 2172 Ad
316 2145 450 2184 regem
483 2133 676 2185 Cephalus
710 2132 825 2172 simul
858 2137 897 2171 et
927 2131 1100 2170 Pallante
1133 2132 1255 2170 creati

229 2192 503 2231 Conveniunt.
542 2192 609 2230 sed
643 2191 769 2230 adhuc
808 2202 941 2242 regem
981 2202 1099 2241 sopor
1135 2189 1235 2228 altus
1267 2187 1454 2228 habebat.

229 2250 385 2303 Excipit
414 2250 601 2289 Aeacides
633 2250 719 2289 illos
750 2251 790 2289 in
823 2249 956 2288 limine
988 2249 1169 2288 Phocus:

228 2309 323 2349 Nam
356 2308 542 2348 Telamon
574 2309 774 2360 fraterque
806 2310 911 2347 viros
944 2307 991 2347 ad
1023 2307 1121 2346 bella
1153 2305 1356 2358 legebant.
