1554 2506
93 75 147 118 88
315 87 463 109 PERSEUS
643 70 857 107 METAMM
871 98 879 107 .

211 184 306 224 llla:
338 196 410 222 nec
442 185 481 222 in
514 188 594 221 tota
625 181 873 232 conspectior
905 180 980 220 ulla
1013 181 1159 233 capillis

210 244 304 282 Pars
337 243 436 281 suit.
478 241 607 279 inveni
626 271 637 291 ,
670 240 737 289 qui
768 251 810 278 se
841 239 984 278 vidisse
1016 241 1206 280 referret.

209 302 317 340 Hanc
348 300 473 352 pelagi
504 304 635 336 rector
667 297 811 349 templo
844 299 998 337 vitiasse
1030 298 1225 338 Minervae

211 360 361 399 DIcitur
382 389 390 397 .
430 368 563 395 aversa
596 361 656 395 est
687 362 726 395 et
758 362 884 395 castos
917 356 1050 408 aegide
1082 358 1214 396 vultus

122 427 189 458 800
210 418 306 457 Nata
337 416 437 454 Iovis
469 417 593 454 texi-t.
634 426 729 453 neve
761 414 835 454 hoc
867 416 1013 466 inpune
1046 416 1207 467 suisset,

209 478 265 515 (ἑο
289 486 458 526 goneum
490 475 639 513 crinem
670 478 807 524 turpes
838 475 1000 513 mutavit
1031 475 1071 512 in
1102 473 1270 525 hydros.
1319 483 1344 509 ι.
1364 481 1428 510 uu.

210 535 241 573 N
273 545 322 572 nc
355 543 511 583 quoque
531 563 541 583 ,
572 537 617 571 ut
648 533 833 571 attonitos
866 531 1074 571 formidine
1106 537 1254 571 terreat
1272 532 1433 584 hostes,

209 593 373 632 Pectore
404 592 445 630 in
478 590 639 629 adverso
673 602 771 642 quos
803 591 925 643 feeit,
957 592 1126 630 sustinet
1157 602 1301 642 angues
1316 588 1340 629 .'

497 785 680 838 LIBER
718 784 987 839 QUINTUS
1003 823 1014 838 .

209 883 386 934 Dumque
419 895 464 922 ea
496 882 724 934 Cephenum
754 883 881 922 medio
915 882 1106 921 Danaeius
1137 882 1254 921 heros

208 944 370 993 Agmine
403 947 711 993 commemorat,
742 941 905 981 fremida
937 941 1080 992 regalia
1111 940 1225 980 turba

209 1003 316 1040 Atria
347 1000 621 1052 complentur.
661 1012 734 1039 nec
765 999 996 1051 coniugialia
1028 1000 1127 1038 festa

210 1059 285 1105 Qui
317 1064 458 1111 canat,
489 1065 550 1097 est
581 1058 756 1110 clamor,
789 1058 857 1097 sed
889 1059 956 1109 qui
996 1059 1079 1096 sera
1116 1058 1272 1096 nuntiet
1302 1068 1436 1096 arma:

169 1126 187 1156 5
208 1118 330 1168 Inque
362 1119 590 1168 repentinos
622 1118 796 1155 convivia
827 1128 938 1155 versa
969 1115 1162 1155 tumultus

208 1175 431 1214 Assimilare
464 1176 565 1214 freto
597 1176 724 1226 possis
743 1206 754 1227 ‚
785 1174 890 1225 quod
922 1186 1035 1212 saeva
1067 1174 1243 1225 quietum

209 1234 424 1273 Ventorum
455 1233 585 1272 rabies
616 1235 732 1272 motis
765 1239 969 1284 exasperat
1000 1232 1139 1271 undis,

210 1292 366 1331 Primus
397 1294 438 1331 in
469 1292 529 1330 his
561 1291 734 1330 Phineus
753 1323 764 1344 ‚
796 1291 888 1330 belli
918 1292 1152 1330 temerarius
1184 1296 1345 1342 auctor,

212 1350 442 1390 Fraxineam
475 1351 654 1402 quatiens
687 1355 840 1389 aeratae
867 1349 1040 1401 cuspidis
1072 1348 1245 1401 hastam,

143 1419 183 1449 10
206 1407 280 1448 ‘En
298 1406 325 1462 ‚³
358 1411 411 1448 ait
443 1406 508 1447 ‘en
539 1409 676 1447 adsum
707 1414 937 1460 praereptae
970 1409 1147 1458 coniugis
1179 1407 1308 1446 ultor.

210 1467 291 1506 Nec
323 1467 419 1506 mihi
450 1472 488 1505 te
520 1479 702 1520 pennae,
734 1479 807 1506 nec
839 1467 979 1505 falsum
1011 1478 1149 1504 versus
1174 1467 1215 1504 in
1247 1477 1386 1504 aurum

211 1526 386 1577 Iuppiter
418 1526 558 1577 eripiet
578 1522 602 1564 .’
641 1527 797 1564 conanti
829 1527 985 1564 mittere
1018 1524 1198 1576 Cepheus

211 1582 329 1630 ‘Quid
361 1585 456 1623 facis
476 1581 512 1623 P'
546 1583 735 1623 exclamat
756 1581 869 1634 ‘quae
890 1590 928 1623 te
948 1615 959 1636 ‚
991 1594 1175 1634 germane
1193 1614 1205 1635 ‚
1236 1583 1435 1621 furentem

210 1643 319 1682 Mens
352 1645 431 1694 agit
461 1644 502 1681 in
534 1643 684 1682 facinus
704 1639 726 1681 ?
756 1643 960 1681 meritisne
992 1642 1088 1680 haec
1119 1642 1243 1692 gratia
1273 1642 1392 1679 tantis

149 1710 190 1740 15
211 1701 404 1740 Redditur
423 1699 445 1740 Ῥ
475 1701 548 1740 hac
578 1702 697 1739 vitam
729 1706 903 1740 servatae
936 1700 1025 1739 dote
1058 1696 1277 1751 rependis?

212 1760 334 1805 Quam
366 1759 438 1798 tibi
469 1771 547 1798 non
579 1759 749 1798 Perseus
767 1791 779 1811 ‚
809 1771 946 1798 verum
979 1761 1012 1798 si
1052 1759 1207 1809 quaeris
1225 1789 1237 1810 ,
1268 1757 1438 1809 ademit,

213 1818 289 1857 Sed
321 1830 437 1869 grave
467 1817 682 1856 Nereidum
712 1830 857 1857 numen
876 1849 887 1870 ‚
920 1817 988 1856 sed
1026 1818 1208 1867 corniger
1246 1816 1438 1867 Ammon,

213 1876 288 1915 Sed
321 1889 420 1927 quae
452 1876 670 1915 visceribus
701 1875 881 1915 veniebat
911 1875 1168 1941 helannti

211 1935 479 1974 Exsaturanda
511 1936 609 1973 meis
629 1966 637 1974 .
675 1934 740 1974 illo
773 1934 844 1973 tibi
875 1940 1052 1986 tempore
1084 1938 1196 1984 rapta
1227 1939 1288 1972 est
1298 1963 1313 1986 ‚

149 2002 192 2032 20
214 1993 298 2038 Quo
330 1995 506 2044 peritura
538 1994 640 2033 suit:
672 1994 748 2032 nisi
779 1994 813 2031 si
844 1992 1017 2031 crudelis
1048 1991 1088 2031 id
1118 1993 1249 2043 ipsum

211 2051 373 2103 Exigis,
405 2057 450 2090 ut
480 2058 644 2104 pereat,
675 2051 863 2102 luctuque
895 2050 1073 2090 levabere
1105 2055 1266 2089 nostro.

215 2109 373 2148 Scilicet
391 2109 494 2149 haud
516 2112 611 2149 satis
632 2116 692 2149 est
709 2141 721 2162 ‚
753 2109 858 2161 quod
878 2115 917 2148 te
938 2113 1139 2161 spectante
1159 2109 1332 2147 revincta
1354 2114 1412 2146 est
1426 2138 1438 2159 ,

213 2167 263 2206 Et
293 2167 439 2206 nullam
472 2168 576 2218 quod
609 2180 723 2220 opem
754 2174 919 2220 patruus
952 2179 1168 2220 sponsusve
1201 2166 1348 2206 tulisti:

212 2226 408 2278 Insuper,
440 2238 461 2264 a
493 2238 691 2277 quoquam
723 2226 827 2278 quod
860 2228 911 2265 sit
942 2232 1122 2278 servata,
1154 2224 1303 2264 dolebis

151 2293 192 2322 25
213 2284 467 2335 Praemiaque
501 2286 644 2335 eripies
664 2282 686 2323 ⁸?
718 2296 816 2335 quae
849 2286 882 2323 si
914 2283 985 2323 tibi
1018 2295 1155 2332 magna
1186 2283 1393 2332 videntur,
