1527 2580
611 122 661 158 Vl
674 150 684 168 ,
713 127 895 159 114—156
911 150 919 159 .
1080 136 1183 158 mona
1343 125 1421 165 111

207 233 355 273 Cedere
388 233 591 274 caelitibus
610 265 621 286 ,
652 233 860 285 verbisque
893 233 1110 273 minoribus
1142 236 1221 273 uti.

205 292 325 331 Multa
357 291 499 332 dabant
529 293 707 331 animos.
746 293 813 332 sed
846 294 949 332 enim
981 304 1054 331 nec
1086 294 1262 343 coniugis
1294 297 1400 332 artes

205 350 287 390 Nec
317 363 442 403 genus
473 350 678 390 amborum
710 353 916 403 magnique
948 352 1122 403 potentia
1152 352 1263 402 regni

208 409 273 449 Sic
304 409 486 462 placuere
518 409 573 448 illi
591 441 602 461 ,
634 411 809 461 quamvis
840 423 884 449 ea
916 416 1057 449 cuncta
1087 409 1310 462 placerent,

120 475 186 507 155
207 467 257 507 Ut
287 480 358 508 sua
388 470 597 520 progenies
616 498 625 508 .
664 475 704 508 et
735 468 956 508 felicissima
988 475 1158 508 matrum

206 526 317 566 Dicta
349 528 451 567 foret
481 527 604 566 Niobe
623 558 635 579 ‚
666 528 699 566 si
731 539 809 566 non
842 527 916 566 sibi
947 529 1027 566 visa
1059 528 1221 566 suisset.

206 585 303 625 Nam
335 592 417 625 sata
447 585 599 625 Tiresia
630 588 786 625 venturi
816 588 991 638 praescia
1022 586 1152 625 Manto

206 644 282 683 Per
314 644 461 684 medias
493 645 622 684 suerat
639 676 650 697 ,
682 645 811 684 divino
843 647 994 684 concita
1027 652 1158 697 motu,

207 702 420 742 Vaticinata
452 704 532 742 vias
551 735 562 754 ,
594 700 826 743 ‘Ismenides
844 735 854 756 ,
887 705 939 742 ite
973 704 1199 754 frequentes

122 769 187 801 160
207 761 257 801 Et
288 761 375 801 date
407 761 577 801 Latonae
610 761 938 814 Latonigenisque
970 762 1123 801 duobus

209 821 307 860 Cum
339 833 456 872 prece
489 826 576 860 tura
608 823 670 872 pia
690 853 701 872 ,
731 821 920 872 lauroque
953 822 1140 860 innectite
1174 822 1347 859 crinem:

208 879 286 918 Ore
319 891 405 918 meo
437 879 585 918 Latona
615 879 725 919 iubet
744 876 769 918 .’
807 885 997 932 paretur,
1030 886 1069 918 et
1100 891 1235 918 omnes

207 937 426 977 Thebaides
458 939 576 977 iussis
608 950 679 977 sua
711 944 886 989 tempora
918 937 1123 977 frondibus
1155 944 1318 989 ornant,

207 996 391 1048 Turaque
424 996 518 1035 dant
547 998 693 1035 sanctis
726 1003 765 1035 et
796 995 912 1035 verba
944 997 1145 1047 precantia
1176 996 1361 1034 nammis.

122 1062 186 1093 165
208 1055 310 1094 Ecce
342 1056 449 1094 venit
479 1056 667 1094 comitum
698 1054 820 1094 Niobe
854 1054 1108 1094 celeberrima
1140 1053 1278 1107 turba,

210 1113 390 1153 Vestibus
422 1115 571 1153 intexto
601 1113 783 1165 Phrygiis
814 1113 1038 1165 spectabilis
1070 1125 1165 1152 auro

208 1172 286 1225 Et,
319 1178 510 1223 quantum
541 1173 598 1210 ira
631 1174 753 1224 sinit,
786 1172 954 1210 formosa
987 1183 1225 1222 movensque
1259 1171 1400 1210 decoro

210 1230 307 1270 Cum
340 1232 465 1282 capite
498 1232 681 1270 inmissos
713 1243 892 1270 umerum
924 1243 995 1282 per
1016 1236 1226 1281 utrumque
1253 1229 1431 1280 capillos.

209 1289 422 1329 Constitit:
461 1295 582 1340 utque
615 1289 748 1328 oculos
781 1289 1022 1328 circumtulit
1053 1289 1126 1328 alta
1159 1288 1373 1339 superbos,

122 1356 189 1388 170
210 1345 323 1394 ‘Quis
355 1348 495 1400 furor,
527 1345 696 1387 auditos'
727 1348 856 1399 inquit
887 1345 1144 1399 ‘praeponere
1176 1348 1268 1385 visis

211 1406 409 1446 Caelestes
428 1403 450 1445 ¹?
481 1412 548 1446 aut
579 1418 651 1445 cur
683 1406 825 1445 colitur
856 1405 1001 1445 Latona
1033 1418 1104 1457 per
1137 1417 1245 1456 aras,

208 1465 362 1505 Numen
395 1464 522 1504 adhuc
554 1466 638 1504 sine
672 1470 758 1504 ture
791 1476 922 1503 meum
955 1462 1053 1503 est‘?
1086 1463 1180 1503 mihi
1212 1462 1396 1502 Tantalus

1275 1529 1434 1574 auctor,

210 1583 282 1623 Cui
312 1583 424 1623 licuit
456 1583 528 1622 soli
560 1595 796 1635 superorum
829 1589 987 1633 tangere
1021 1595 1197 1621 mensas.

209 1641 411 1682 Pleiadum
442 1654 556 1681 soror
588 1648 648 1681 est
678 1643 856 1693 genetrix
888 1653 1003 1680 mea.
1041 1643 1232 1680 maximus
1264 1639 1368 1679 Atlas

123 1708 189 1740 175
210 1700 282 1740 Est
312 1713 436 1753 avus,
467 1699 685 1740 aetherium
718 1702 785 1751 qui
818 1700 894 1738 sert
925 1699 1143 1738 cervicibus
1176 1710 1309 1737 axem:

210 1759 386 1811 luppiter
417 1758 515 1798 alter
547 1771 641 1798 avus
661 1789 670 1798 .
708 1770 846 1798 socero
879 1770 1035 1809 quoque
1067 1757 1214 1808 glorior
1245 1756 1332 1796 illo.

209 1818 270 1857 Me
301 1822 440 1869 gentes
471 1823 653 1857 metuunt
682 1816 873 1868 Phrygiae
892 1848 902 1868 ‚
935 1828 996 1855 me
1028 1817 1134 1867 regia
1166 1814 1298 1854 Cadmi

211 1876 292 1916 Sub
325 1876 480 1916 domina
513 1882 600 1929 est,
632 1875 853 1926 fidibusque
886 1876 962 1914 mei
995 1875 1200 1913 commissa
1234 1875 1363 1913 mariti

210 1935 361 1975 Moenia
394 1946 484 1974 cum
516 1934 672 1987 populis
704 1946 725 1973 a
757 1946 898 1984 meque
930 1934 1091 1984 viroque
1124 1938 1339 1983 reguntur.

123 1994 251 2034 1801n
285 2005 574 2045 quamcumque
607 1993 747 2032 domus
779 1992 927 2031 adverti
958 1991 1103 2030 lumina
1135 1996 1311 2043 partem,

211 2052 389 2092 inmensa
444 2058 673 2104 spectantur
704 2064 826 2103 opes.
866 2051 1016 2090 accedit
1047 2050 1184 2089 eodem

212 2111 332 2162 Digna
364 2110 435 2150 dea
467 2111 587 2150 facies
607 2142 616 2151 .
655 2110 732 2150 huc
765 2114 873 2149 natas
905 2109 1013 2148 adice
1046 2114 1198 2160 septem

210 2169 259 2208 Et
291 2170 452 2210 totidem
484 2171 646 2209 iuvenes
665 2200 676 2221 ‚
708 2175 748 2208 et
779 2180 867 2208 mox
899 2179 1145 2220 generosque
1177 2178 1402 2217 nurusque.

210 2228 394 2274 Quaerite
427 2240 532 2267 nunc
551 2259 563 2281 ‚
594 2227 735 2267 habeat
761 2238 875 2278 quam
896 2232 1030 2266 nostra
1050 2225 1234 2278 superbia
1254 2236 1434 2277 causam,

123 2295 188 2327 185
208 2287 350 2327 Nescio
383 2299 539 2339 quoque
573 2287 712 2326 audete
745 2292 867 2325 satam
898 2285 1077 2324 Titanida
1109 2284 1211 2324 Coeo

207 2345 394 2386 Latonam
425 2346 628 2398 praeferre
661 2344 785 2399 mihi,
817 2345 881 2385 cui
912 2345 1076 2384 maxima
1109 2343 1304 2395 quondam
