1507 2580
1213 103 1349 139 XXVII

6 212 92 251 h.e.
113 208 244 251 ‘dictis
277 213 334 251 eis
366 212 562 262 omnibus,
594 224 695 261 quae
727 209 966 264 meruisset’,
994 216 1044 252 'ut
1074 215 1234 252 XI1148
1261 225 1349 261 pre-

7 272 110 310 caris
151 281 249 319 quae
289 272 438 310 meruit.
588 267 673 309 543
712 271 963 311 hemistichia
1000 272 1075 311 duo
1120 272 1241 310 habui
1278 285 1349 320 pro

7 329 185 379 exemplo
217 329 336 379 primi
368 341 413 368 ae
442 329 593 368 vetusti
624 329 944 379 interpolationis
977 331 1152 380 generis,
1194 330 1241 368 de
1274 343 1350 379 quo

7 388 241 438 plerumque
284 388 459 426 indicare
505 388 722 437 supersedi.
784 388 1025 439 Deianiram,
1063 402 1139 439 quo
1171 391 1351 437 tempore

8 446 210 496 Meleager
249 446 365 496 obiit,
410 448 610 485 mortuam
646 447 811 495 putasse
849 450 1009 497 poetam
1047 449 1223 497 oportet:
1260 459 1353 485 nam

9 506 104 545 118
137 505 291 544 tandem
330 507 371 543 et
410 507 432 543 9
472 506 665 554 quondam
702 507 743 543 et
787 507 890 555 quod
932 509 982 545 17
1022 506 1214 545 Hercules
1255 506 1352 544 deus

6 564 87 602 iam
118 563 259 613 factus,
292 566 333 602 et
364 563 470 613 quod
504 565 586 602 149
609 563 811 613 Meleager
843 566 969 615 vivus,
1001 568 1110 615 puto,
1141 565 1352 613 indicatur,

6 633 87 661 non
128 621 280 660 faciunt
319 622 369 660 ad
402 622 593 660 Nicandri
629 622 826 673 fabulam,
874 625 941 673 qui
974 623 1135 674 Gorgen
1165 626 1206 662 et
1237 623 1352 661 Deia-

6 681 136 719 niram
167 682 398 730 praesentes
429 681 472 718 in
508 680 645 719 fratris
677 681 834 731 funere,
865 694 938 720 nec
968 684 1143 721 mutatas
1174 681 1352 731 tradidit,

6 739 102 777 Ant.
127 738 214 778 Lib.
239 739 266 777 f.
293 748 347 789 113
391 751 510 789 quam
542 742 700 778 secutus
731 740 884 790 Hygini
914 741 940 778 f.
967 748 1143 780 CLXXIV
1174 741 1352 789 exemplo

6 797 182 848 videtur,
226 798 294 848 qui
338 797 432 836 Her.
464 806 514 836 IX
550 799 630 836 165
680 800 761 837 166
808 799 978 849 scripsit.
1040 799 1214 838 indidem
1256 799 1353 837 haec

8 857 252 906 interpolata
283 856 487 906 putabam,
519 856 678 894 inutilia
702 857 803 907 ideo,
837 858 941 907 quod
972 859 1078 907 apud
1108 857 1352 896 Nicandrum

7 915 129 965 irata,
168 914 274 964 apud
309 917 491 954 nostrum
528 916 687 964 placata
717 915 847 954 Diana.
883 917 1037 965 puellas
1081 917 1353 955 transformat.

126 970 209 1012 637
252 980 480 1013 PnAcrros
522 981 753 1012 TETIGERE
798 982 1016 1014 PENATES.
1064 986 1212 1023 parvos
1242 974 1275 1012 L
1314 977 1354 1013 et

8 1032 187 1082 plerique
217 1032 330 1082 libri,
361 1033 466 1083 quod
497 1033 612 1070 nihili
644 1035 716 1083 est,
749 1034 840 1083 quia
872 1034 1043 1072 Penates
1074 1046 1153 1072 non
1184 1035 1354 1083 tangun-

7 1094 91 1142 tur;
135 1091 187 1129 ad
225 1090 403 1141 domum,
450 1093 614 1141 penates
647 1091 798 1142 aditur,
841 1093 1059 1142 hospitium
1096 1093 1264 1142 petitur,
1308 1093 1354 1130 ut

8 1163 44 1189 v.
66 1151 162 1189 628.
211 1161 361 1198 paucos
392 1150 450 1200 M,
489 1151 592 1188 unde
630 1150 706 1189 feci
738 1151 843 1200 quod
881 1154 942 1190 est
973 1159 1041 1190 VII
1063 1152 1165 1189 226:
1206 1151 1352 1189 locutio

8 1209 151 1248 similis
180 1216 229 1247 IV
247 1209 344 1247 218.
465 1205 550 1247 656
581 1209 854 1248 IMPOSITUM.
904 1211 1103 1258 impositus
1127 1210 1230 1247 libri.
1275 1209 1355 1247 dixi

9 1267 58 1306 de
93 1261 168 1306 hoc
206 1279 352 1317 genere
383 1275 540 1317 p.XI11.
590 1267 790 1306 ablativus
829 1269 896 1317 qui
929 1268 1125 1318 sequitur,
1170 1270 1232 1307 est
1269 1268 1353 1306 eius

9 1325 127 1376 modi,
157 1327 204 1364 ut
233 1334 264 1364 X
287 1327 383 1364 648.
535 1323 621 1364 714
653 1326 909 1365 NAVARENT
943 1334 1100 1366 CURAS.
1162 1326 1353 1365 correctio

9 1385 192 1424 fortassis
237 1385 403 1423 calidius
446 1387 617 1434 recepta.
678 1386 838 1434 poterat
881 1385 945 1424 edi
988 1386 1094 1435 quod
1136 1385 1178 1423 M
1220 1385 1354 1434 habet,

9 1443 231 1483 Nan-arent
267 1455 391 1483 casus.
442 1444 511 1483 sed
541 1443 582 1481 id
612 1455 772 1483 manum
803 1447 963 1494 poetae,
1003 1445 1036 1483 si
1067 1456 1253 1494 usquam,
1291 1443 1353 1482 his

9 1502 167 1552 paginis
210 1504 362 1541 tersam
399 1505 441 1541 et
477 1504 682 1553 argutam,
722 1515 801 1541 non
838 1503 988 1541 referre
1024 1503 1102 1552 ipsi
1140 1502 1353 1551 interpola-

9 1563 117 1600 tores
149 1563 370 1610 senserunt,
403 1562 470 1610 qui
495 1562 702 1611 comptius,
733 1562 964 1612 Inciperent
990 1561 1202 1611 dederunt3
1234 1561 1353 1610 idque

8 1620 105 1658 olim
140 1631 280 1659 verum
316 1619 451 1658 habui.
511 1631 722 1659 renarrare
759 1622 822 1659 est
852 1629 901 1659 VI
927 1621 1030 1670 315,
1068 1622 1277 1659 retractare
1313 1621 1354 1657 et

9 1679 172 1727 releyere
202 1679 348 1717 1v569
382 1678 423 1717 in
453 1691 496 1717 re
529 1679 658 1728 specie
692 1679 823 1729 simili,
856 1679 925 1718 sed
945 1679 1103 1718 diversa.
1127 1678 1228 1728 ideo,
1249 1678 1354 1727 quod

7 1749 56 1776 eo
88 1749 269 1776 sermone
306 1736 438 1775 aditus
475 1739 642 1786 paratur
679 1737 728 1775 ad
764 1749 908 1777 novam
945 1737 1133 1776 fabulam.
1182 1737 1289 1775 idem
1320 1737 1354 1775 si

9 1795 84 1834 hoo
108 1795 194 1834 loeo
219 1796 338 1845 poeta
364 1796 574 1846 spectaret,
599 1807 742 1835 causae
763 1796 913 1847 aliquid
933 1795 1140 1834 dicendum
1161 1798 1258 1845 erat,
1285 1807 1354 1834 cur

10 1854 198 1893 steterint
222 1855 390 1904 uterque
416 1855 582 1893 coniunx
608 1856 700 1893 ante
726 1855 864 1894 aedem
889 1867 934 1894 eo
961 1855 1059 1905 loco,
1085 1866 1161 1905 quo
1190 1854 1353 1893 arbores

10 1913 178 1962 posthac
214 1914 459 1962 conspectae.
522 1925 634 1952 senes
666 1914 802 1952 autem
839 1913 1046 1963 decrepiti,
1078 1926 1114 1952 v.
1137 1914 1237 1963 712,
1269 1915 1353 1951 tam

10 1971 140 2010 otiosa
170 1971 476 2010 confabulantur
508 1972 702 2011 sedentes.
751 1983 823 2011 nec
854 1971 959 2022 quod
996 1971 1210 2021 antecedit,
1249 1971 1353 2010 aedi-

11 2030 172 2068 tuorum
213 2042 375 2069 munere
416 2031 573 2069 functos
623 2030 673 2069 ad
722 2032 942 2070 extremum
985 2043 1111 2080 usque
1155 2030 1352 2080 spiritum,

11 2087 164 2127 frustra
193 2089 376 2138 posuisse
407 2091 567 2139 poetam
598 2091 905 2128 consentaneum
937 2091 1009 2129 est.
1057 2090 1192 2138 itaque
1219 2101 1352 2127 aream

12 2146 152 2196 templi
182 2149 388 2186 verrentes
419 2147 484 2187 vel
516 2148 644 2186 simile
672 2147 766 2196 quid
791 2150 1002 2198 operantes
1033 2147 1257 2187 informavi.

13 2201 98 2244 719
136 2213 368 2245 OSTE'NDIT
404 2214 563 2245 ADHUG
600 2214 840 2247 CIBYBEIUS
878 2214 1005 2247 1LL1c
1041 2207 1228 2246 INCOLA.
1284 2206 1351 2244 thi-

11 2265 120 2303 neius
162 2263 255 2314 LM,
304 2265 491 2314 thymius,
543 2265 754 2315 azymam,
803 2266 972 2306 chineius
1015 2265 1095 2305 alii.
1159 2265 1350 2304 correctio

10 2321 191 2361 Sucherii
208 2323 389 2363 Dinieius
420 2336 467 2362 ea
491 2335 534 2362 re
559 2323 869 2378 commendatur,
894 2324 997 2376 quod
1022 2324 1081 2364 ita
1098 2323 1237 2363 fabula
1255 2323 1352 2362 haec
