<?xml version="1.0" encoding="UTF-8"?>
<!DOCTYPE html PUBLIC "-//W3C//DTD XHTML 1.0 Transitional//EN"
    "http://www.w3.org/TR/xhtml1/DTD/xhtml1-transitional.dtd">
<html xmlns="http://www.w3.org/1999/xhtml" xml:lang="en" lang="en">
 <head>
  <title>
</title>
<meta http-equiv="Content-Type" content="text/html;charset=utf-8" />
  <meta name='ocr-system' content='tesseract 3.04.00' />
  <meta name='ocr-capabilities' content='ocr_page ocr_carea ocr_par ocr_line ocrx_word'/>
</head>
<body>
  <div class='ocr_page' id='page_1' title='image "./ovidopera02oviduoft_0114.png"; bbox 0 0 1554 2506; ppageno 0'>
   <div class='ocr_carea' id='block_1_1' title="bbox 136 73 916 117">
    <p class='ocr_par' dir='ltr' id='par_1_1' title="bbox 136 73 916 117">
     <span class='ocr_line' id='line_1_1' title="bbox 136 73 916 117; baseline -0.005 -6"><span class='ocrx_word' id='word_1_1' title='bbox 136 76 191 117; x_wconf 88' lang='grc'>62</span> <span class='ocrx_word' id='word_1_2' title='bbox 362 88 515 111; x_wconf 68' lang='grc' dir='ltr'>ΒΑοοιιυε</span> <span class='ocrx_word' id='word_1_3' title='bbox 681 73 895 109; x_wconf 82' lang='lat' dir='ltr'>METAMM</span> <span class='ocrx_word' id='word_1_4' title='bbox 909 101 916 108; x_wconf 90' lang='lat'>.</span> 
     </span>
    </p>
   </div>
   <div class='ocr_carea' id='block_1_2' title="bbox 165 181 1471 880">
    <p class='ocr_par' dir='ltr' id='par_1_2' title="bbox 165 181 1471 880">
     <span class='ocr_line' id='line_1_2' title="bbox 251 181 1422 238; baseline -0.002 -12"><span class='ocrx_word' id='word_1_5' title='bbox 251 185 301 226; x_wconf 91' lang='lat' dir='ltr'>Et</span> <span class='ocrx_word' id='word_1_6' title='bbox 331 187 496 238; x_wconf 89' lang='lat' dir='ltr'>patriam</span> <span class='ocrx_word' id='word_1_7' title='bbox 514 217 525 237; x_wconf 88' lang='lat'><em>,</em></span> <span class='ocrx_word' id='word_1_8' title='bbox 556 185 754 234; x_wconf 89' lang='lat' dir='ltr'>morisque</span> <span class='ocrx_word' id='word_1_9' title='bbox 788 184 878 222; x_wconf 90' lang='lat' dir='ltr'>novi</span> <span class='ocrx_word' id='word_1_10' title='bbox 909 195 980 223; x_wconf 89' lang='lat' dir='ltr'>eur</span> <span class='ocrx_word' id='word_1_11' title='bbox 1012 195 1122 223; x_wconf 87' lang='lat' dir='ltr'>sacra</span> <span class='ocrx_word' id='word_1_12' title='bbox 1153 181 1422 235; x_wconf 60' lang='lat' dir='ltr'>frequentes?</span> 
     </span>
     <span class='ocr_line' id='line_1_3' title="bbox 252 239 1325 296; baseline -0.001 -13"><span class='ocrx_word' id='word_1_13' title='bbox 252 244 319 284; x_wconf 91' lang='lat' dir='ltr'>l&#39;lle</span> <span class='ocrx_word' id='word_1_14' title='bbox 351 251 457 283; x_wconf 89' lang='lat' dir='ltr'>metu</span> <span class='ocrx_word' id='word_1_15' title='bbox 489 254 633 282; x_wconf 87' lang='lat' dir='ltr'>vacuus</span> <span class='ocrx_word' id='word_1_16' title='bbox 660 239 817 281; x_wconf 76' lang='lat' dir='ltr'>‘nomen</span> <span class='ocrx_word' id='word_1_17' title='bbox 850 239 959 281; x_wconf 90' lang='lat' dir='ltr'>mihi’</span> <span class='ocrx_word' id='word_1_18' title='bbox 993 242 1090 282; x_wconf 83' lang='lat' dir='ltr'>dixit</span> <span class='ocrx_word' id='word_1_19' title='bbox 1121 239 1325 296; x_wconf 76' lang='lat' dir='ltr'>‘Acoetes,</span> 
     </span>
     <span class='ocr_line' id='line_1_4' title="bbox 252 300 1335 353; baseline -0.002 -11"><span class='ocrx_word' id='word_1_20' title='bbox 252 303 380 343; x_wconf 88' lang='lat' dir='ltr'>Patria</span> <span class='ocrx_word' id='word_1_21' title='bbox 412 302 585 341; x_wconf 86' lang='lat' dir='ltr'>Maeonia</span> <span class='ocrx_word' id='word_1_22' title='bbox 617 307 705 352; x_wconf 80' lang='lat' dir='ltr'>est3</span> <span class='ocrx_word' id='word_1_23' title='bbox 736 300 872 340; x_wconf 91' lang='lat' dir='ltr'>humili</span> <span class='ocrx_word' id='word_1_24' title='bbox 904 300 951 340; x_wconf 93' lang='lat' dir='ltr'>de</span> <span class='ocrx_word' id='word_1_25' title='bbox 983 300 1097 353; x_wconf 84' lang='lat' dir='ltr'>plebe</span> <span class='ocrx_word' id='word_1_26' title='bbox 1128 306 1335 352; x_wconf 83' lang='lat' dir='ltr'>parentes.</span> 
     </span>
     <span class='ocr_line' id='line_1_5' title="bbox 252 359 1444 412; baseline -0.002 -12"><span class='ocrx_word' id='word_1_27' title='bbox 252 361 337 400; x_wconf 91' lang='lat' dir='ltr'>Non</span> <span class='ocrx_word' id='word_1_28' title='bbox 370 361 463 400; x_wconf 87' lang='lat' dir='ltr'>mihi</span> <span class='ocrx_word' id='word_1_29' title='bbox 496 372 593 411; x_wconf 90' lang='lat' dir='ltr'>quae</span> <span class='ocrx_word' id='word_1_30' title='bbox 625 359 714 398; x_wconf 89' lang='lat' dir='ltr'>duri</span> <span class='ocrx_word' id='word_1_31' title='bbox 746 359 948 412; x_wconf 87' lang='lat' dir='ltr'>colerent,</span> <span class='ocrx_word' id='word_1_32' title='bbox 979 365 1119 412; x_wconf 86' lang='lat' dir='ltr'>pater,</span> <span class='ocrx_word' id='word_1_33' title='bbox 1151 371 1239 398; x_wconf 90' lang='lat' dir='ltr'>arva</span> <span class='ocrx_word' id='word_1_34' title='bbox 1269 360 1444 412; x_wconf 82' lang='lat' dir='ltr'>iuvenci,</span> 
     </span>
     <span class='ocr_line' id='line_1_6' title="bbox 165 417 1348 471; baseline -0.001 -13"><span class='ocrx_word' id='word_1_35' title='bbox 165 426 232 458; x_wconf 84' lang='lat'>585</span> <span class='ocrx_word' id='word_1_36' title='bbox 252 419 511 471; x_wconf 86' lang='lat' dir='ltr'>Lanigerosve</span> <span class='ocrx_word' id='word_1_37' title='bbox 542 429 680 469; x_wconf 81' lang='lat' dir='ltr'>greges</span> <span class='ocrx_word' id='word_1_38' title='bbox 698 449 710 471; x_wconf 87' lang='lat'><em>‚</em></span> <span class='ocrx_word' id='word_1_39' title='bbox 742 429 820 457; x_wconf 91' lang='lat' dir='ltr'>non</span> <span class='ocrx_word' id='word_1_40' title='bbox 852 417 929 457; x_wconf 89' lang='lat' dir='ltr'>ulla</span> <span class='ocrx_word' id='word_1_41' title='bbox 961 423 1136 457; x_wconf 87' lang='lat' dir='ltr'>armenta</span> <span class='ocrx_word' id='word_1_42' title='bbox 1167 417 1348 468; x_wconf 87' lang='lat' dir='ltr'>reliquit.</span> 
     </span>
     <span class='ocr_line' id='line_1_7' title="bbox 253 475 1318 529; baseline -0.002 -12"><span class='ocrx_word' id='word_1_43' title='bbox 253 477 405 529; x_wconf 82' lang='lat' dir='ltr'>Pauper</span> <span class='ocrx_word' id='word_1_44' title='bbox 438 482 477 516; x_wconf 90' lang='lat' dir='ltr'>et</span> <span class='ocrx_word' id='word_1_45' title='bbox 507 478 589 528; x_wconf 88' lang='lat' dir='ltr'>ipse</span> <span class='ocrx_word' id='word_1_46' title='bbox 623 476 696 515; x_wconf 84' lang='lat' dir='ltr'>fuit</span> <span class='ocrx_word' id='word_1_47' title='bbox 712 507 724 529; x_wconf 89' lang='lat'><em>‚</em></span> <span class='ocrx_word' id='word_1_48' title='bbox 755 475 913 527; x_wconf 90' lang='lat' dir='ltr'>linoque</span> <span class='ocrx_word' id='word_1_49' title='bbox 946 475 1094 515; x_wconf 77' lang='lat' dir='ltr'>solebat</span> <span class='ocrx_word' id='word_1_50' title='bbox 1126 482 1165 515; x_wconf 87' lang='lat' dir='ltr'>et</span> <span class='ocrx_word' id='word_1_51' title='bbox 1194 475 1318 515; x_wconf 89' lang='lat' dir='ltr'>hamis</span> 
     </span>
     <span class='ocr_line' id='line_1_8' title="bbox 253 535 1296 587; baseline -0.001 -12"><span class='ocrx_word' id='word_1_52' title='bbox 253 536 440 587; x_wconf 82' lang='lat' dir='ltr'>Decipere</span> <span class='ocrx_word' id='word_1_53' title='bbox 460 566 471 587; x_wconf 90' lang='lat'><em>,</em></span> <span class='ocrx_word' id='word_1_54' title='bbox 503 540 543 574; x_wconf 90' lang='lat' dir='ltr'>et</span> <span class='ocrx_word' id='word_1_55' title='bbox 574 535 719 573; x_wconf 84' lang='lat' dir='ltr'>calamo</span> <span class='ocrx_word' id='word_1_56' title='bbox 752 535 934 574; x_wconf 85' lang='lat' dir='ltr'><strong>salientes</strong></span> <span class='ocrx_word' id='word_1_57' title='bbox 967 535 1112 574; x_wconf 90' lang='lat' dir='ltr'>ducere</span> <span class='ocrx_word' id='word_1_58' title='bbox 1142 536 1296 586; x_wconf 83' lang='lat' dir='ltr'>pisces.</span> 
     </span>
     <span class='ocr_line' id='line_1_9' title="bbox 252 593 1344 645; baseline -0.001 -12"><span class='ocrx_word' id='word_1_59' title='bbox 252 595 325 633; x_wconf 86' lang='lat' dir='ltr'>Ars</span> <span class='ocrx_word' id='word_1_60' title='bbox 355 593 411 632; x_wconf 93' lang='lat' dir='ltr'>illi</span> <span class='ocrx_word' id='word_1_61' title='bbox 443 605 513 632; x_wconf 90' lang='lat' dir='ltr'>sua</span> <span class='ocrx_word' id='word_1_62' title='bbox 545 605 688 633; x_wconf 91' lang='lat' dir='ltr'>census</span> <span class='ocrx_word' id='word_1_63' title='bbox 720 598 830 632; x_wconf 89' lang='lat' dir='ltr'>erat.</span> <span class='ocrx_word' id='word_1_64' title='bbox 870 605 960 632; x_wconf 90' lang='lat' dir='ltr'>cum</span> <span class='ocrx_word' id='word_1_65' title='bbox 991 593 1165 632; x_wconf 88' lang='lat' dir='ltr'>traderet</span> <span class='ocrx_word' id='word_1_66' title='bbox 1195 598 1344 645; x_wconf 89' lang='lat' dir='ltr'>artem,</span> 
     </span>
     <span class='ocr_line' id='line_1_10' title="bbox 254 647 1388 704; baseline -0.002 -12"><span class='ocrx_word' id='word_1_67' title='bbox 254 650 427 704; x_wconf 77' lang='lat' dir='ltr'><strong>“Accipe</strong></span> <span class='ocrx_word' id='word_1_68' title='bbox 459 664 555 704; x_wconf 88' lang='lat' dir='ltr'>quas</span> <span class='ocrx_word' id='word_1_69' title='bbox 587 651 709 690; x_wconf 91' lang='lat' dir='ltr'>habeo</span> <span class='ocrx_word' id='word_1_70' title='bbox 728 683 740 704; x_wconf 88' lang='lat'><em>‚</em></span> <span class='ocrx_word' id='word_1_71' title='bbox 772 651 891 690; x_wconf 87' lang='lat' dir='ltr'>studii</span> <span class='ocrx_word' id='word_1_72' title='bbox 922 663 1129 691; x_wconf 86' lang='lat' dir='ltr'><strong>successor</strong></span> <span class='ocrx_word' id='word_1_73' title='bbox 1161 657 1201 690; x_wconf 92' lang='lat' dir='ltr'>et</span> <span class='ocrx_word' id='word_1_74' title='bbox 1230 651 1347 691; x_wconf 88' lang='lat' dir='ltr'>heres</span> <span class='ocrx_word' id='word_1_75' title='bbox 1360 647 1388 703; x_wconf 79' lang='lat'>,³</span> 
     </span>
     <span class='ocr_line' id='line_1_11' title="bbox 166 707 1414 776; baseline -0.002 -25"><span class='ocrx_word' id='word_1_76' title='bbox 166 720 233 752; x_wconf 83' lang='lat'>590</span> <span class='ocrx_word' id='word_1_77' title='bbox 254 712 358 750; x_wconf 86' lang='lat' dir='ltr'><strong>Dixit</strong></span> <span class='ocrx_word' id='word_1_78' title='bbox 389 708 499 762; x_wconf 65' lang='lat' dir='ltr'>‘opes</span> <span class='ocrx_word' id='word_1_79' title='bbox 519 707 561 750; x_wconf 85' lang='lat'>.&#39;’</span> <span class='ocrx_word' id='word_1_80' title='bbox 598 709 977 776; x_wconf 53' lang='lat' dir='ltr'>moriensqueQihi</span> <span class='ocrx_word' id='word_1_81' title='bbox 1009 709 1104 749; x_wconf 86' lang='lat' dir='ltr'><strong>nihil</strong></span> <span class='ocrx_word' id='word_1_82' title='bbox 1135 709 1200 748; x_wconf 85' lang='lat' dir='ltr'>ille</span> <span class='ocrx_word' id='word_1_83' title='bbox 1231 709 1414 762; x_wconf 88' lang='lat' dir='ltr'>reliquit,</span> 
     </span>
     <span class='ocr_line' id='line_1_12' title="bbox 252 767 1471 820; baseline -0.001 -11"><span class='ocrx_word' id='word_1_84' title='bbox 252 770 414 809; x_wconf 83' lang='lat' dir='ltr'>Praeter</span> <span class='ocrx_word' id='word_1_85' title='bbox 433 781 553 820; x_wconf 87' lang='lat' dir='ltr'>aquas</span> <span class='ocrx_word' id='word_1_86' title='bbox 573 800 581 807; x_wconf 93' lang='lat'>.</span> <span class='ocrx_word' id='word_1_87' title='bbox 615 781 736 808; x_wconf 89' lang='lat' dir='ltr'>unum</span> <span class='ocrx_word' id='word_1_88' title='bbox 755 768 829 807; x_wconf 92' lang='lat' dir='ltr'>hoc</span> <span class='ocrx_word' id='word_1_89' title='bbox 848 780 1009 820; x_wconf 83' lang='lat' dir='ltr'>possum</span> <span class='ocrx_word' id='word_1_90' title='bbox 1029 767 1222 820; x_wconf 87' lang='lat' dir='ltr'>appellare</span> <span class='ocrx_word' id='word_1_91' title='bbox 1242 773 1471 820; x_wconf 89' lang='lat' dir='ltr'>paternum.</span> 
     </span>
     <span class='ocr_line' id='line_1_13' title="bbox 253 826 1432 880; baseline -0.002 -13"><span class='ocrx_word' id='word_1_92' title='bbox 253 828 340 867; x_wconf 83' lang='lat' dir='ltr'>Mox</span> <span class='ocrx_word' id='word_1_93' title='bbox 373 840 443 879; x_wconf 87' lang='lat' dir='ltr'>ego</span> <span class='ocrx_word' id='word_1_94' title='bbox 463 859 475 880; x_wconf 87' lang='lat'>,</span> <span class='ocrx_word' id='word_1_95' title='bbox 506 840 554 866; x_wconf 90' lang='lat' dir='ltr'>ne</span> <span class='ocrx_word' id='word_1_96' title='bbox 587 826 759 878; x_wconf 89' lang='lat' dir='ltr'>scopulis</span> <span class='ocrx_word' id='word_1_97' title='bbox 791 826 994 866; x_wconf 84' lang='lat' dir='ltr'>haererem</span> <span class='ocrx_word' id='word_1_98' title='bbox 1026 839 1182 878; x_wconf 89' lang='lat' dir='ltr'>semper</span> <span class='ocrx_word' id='word_1_99' title='bbox 1212 827 1253 865; x_wconf 92' lang='lat' dir='ltr'>in</span> <span class='ocrx_word' id='word_1_100' title='bbox 1284 826 1432 879; x_wconf 87' lang='lat' dir='ltr'>isdem,</span> 
     </span>
    </p>
   </div>
   <div class='ocr_carea' id='block_1_3' title="bbox 1517 0 1554 663">
    <p class='ocr_par' dir='ltr' id='par_1_3' title="bbox 1517 0 1554 663">
     <span class='ocr_line' id='line_1_14' title="bbox 1517 0 1554 663; baseline 0 1843"><span class='ocrx_word' id='word_1_101' title='bbox 1517 0 1554 663; x_wconf 95' lang='lat' dir='ltr'> </span> 
     </span>
    </p>
   </div>
   <div class='ocr_carea' id='block_1_4' title="bbox 167 884 1475 2338">
    <p class='ocr_par' dir='ltr' id='par_1_4' title="bbox 253 884 1268 997">
     <span class='ocr_line' id='line_1_15' title="bbox 253 884 1248 937; baseline -0.002 -12"><span class='ocrx_word' id='word_1_102' title='bbox 253 886 430 925; x_wconf 88' lang='lat' dir='ltr'>Addidici</span> <span class='ocrx_word' id='word_1_103' title='bbox 460 887 636 937; x_wconf 86' lang='lat' dir='ltr'>regimen</span> <span class='ocrx_word' id='word_1_104' title='bbox 668 885 803 925; x_wconf 85' lang='lat' dir='ltr'>dextra</span> <span class='ocrx_word' id='word_1_105' title='bbox 835 884 1061 925; x_wconf 79' lang='lat' dir='ltr'>moderante</span> <span class='ocrx_word' id='word_1_106' title='bbox 1094 886 1248 924; x_wconf 88' lang='lat' dir='ltr'>carinae</span> 
     </span>
     <span class='ocr_line' id='line_1_16' title="bbox 253 943 1268 997; baseline -0.002 -13"><span class='ocrx_word' id='word_1_107' title='bbox 253 945 430 984; x_wconf 86' lang='lat' dir='ltr'>Flectere</span> <span class='ocrx_word' id='word_1_108' title='bbox 448 975 460 997; x_wconf 84' lang='lat'><em>,</em></span> <span class='ocrx_word' id='word_1_109' title='bbox 493 950 532 983; x_wconf 93' lang='lat' dir='ltr'>et</span> <span class='ocrx_word' id='word_1_110' title='bbox 563 944 720 983; x_wconf 85' lang='lat' dir='ltr'>Oleniae</span> <span class='ocrx_word' id='word_1_111' title='bbox 754 944 862 983; x_wconf 90' lang='lat' dir='ltr'>sidus</span> <span class='ocrx_word' id='word_1_112' title='bbox 893 943 1058 995; x_wconf 88' lang='lat' dir='ltr'>pluviale</span> <span class='ocrx_word' id='word_1_113' title='bbox 1091 943 1268 995; x_wconf 85' lang='lat' dir='ltr'>Capellae</span> 
     </span>
    </p>

    <p class='ocr_par' dir='ltr' id='par_1_5' title="bbox 167 1001 1363 1230">
     <span class='ocr_line' id='line_1_17' title="bbox 167 1001 1363 1055; baseline -0.003 -11"><span class='ocrx_word' id='word_1_114' title='bbox 167 1012 233 1044; x_wconf 83' lang='lat'>595</span> <span class='ocrx_word' id='word_1_115' title='bbox 253 1003 529 1055; x_wconf 79' lang='lat' dir='ltr'>Taygetenque</span> <span class='ocrx_word' id='word_1_116' title='bbox 560 1001 789 1053; x_wconf 86' lang='lat' dir='ltr'>Hyadasque</span> <span class='ocrx_word' id='word_1_117' title='bbox 823 1002 945 1041; x_wconf 83' lang='lat' dir='ltr'>oculis</span> <span class='ocrx_word' id='word_1_118' title='bbox 978 1002 1202 1053; x_wconf 81' lang='lat' dir='ltr'>Arctonque</span> <span class='ocrx_word' id='word_1_119' title='bbox 1233 1003 1363 1041; x_wconf 89' lang='lat' dir='ltr'>notavi</span> 
     </span>
     <span class='ocr_line' id='line_1_18' title="bbox 252 1059 1344 1112; baseline 0.001 -14"><span class='ocrx_word' id='word_1_120' title='bbox 252 1061 545 1112; x_wconf 86' lang='lat' dir='ltr'>Ventorumque</span> <span class='ocrx_word' id='word_1_121' title='bbox 578 1060 713 1099; x_wconf 91' lang='lat' dir='ltr'>domos</span> <span class='ocrx_word' id='word_1_122' title='bbox 745 1067 785 1099; x_wconf 89' lang='lat' dir='ltr'>et</span> <span class='ocrx_word' id='word_1_123' title='bbox 814 1067 952 1111; x_wconf 88' lang='lat' dir='ltr'>portus</span> <span class='ocrx_word' id='word_1_124' title='bbox 982 1059 1180 1112; x_wconf 88' lang='lat' dir='ltr'>puppibus</span> <span class='ocrx_word' id='word_1_125' title='bbox 1212 1065 1344 1112; x_wconf 75' lang='lat' dir='ltr'>aptoS.</span> 
     </span>
     <span class='ocr_line' id='line_1_19' title="bbox 253 1117 1198 1170; baseline -0.001 -12"><span class='ocrx_word' id='word_1_126' title='bbox 253 1119 369 1158; x_wconf 83' lang='lat' dir='ltr'>Forte</span> <span class='ocrx_word' id='word_1_127' title='bbox 401 1124 540 1170; x_wconf 88' lang='lat' dir='ltr'>petens</span> <span class='ocrx_word' id='word_1_128' title='bbox 572 1118 694 1157; x_wconf 90' lang='lat' dir='ltr'>Delon</span> <span class='ocrx_word' id='word_1_129' title='bbox 726 1117 815 1157; x_wconf 89' lang='lat' dir='ltr'>Ciae</span> <span class='ocrx_word' id='word_1_130' title='bbox 847 1117 1000 1157; x_wconf 91' lang='lat' dir='ltr'>telluris</span> <span class='ocrx_word' id='word_1_131' title='bbox 1032 1118 1078 1157; x_wconf 90' lang='lat' dir='ltr'>ad</span> <span class='ocrx_word' id='word_1_132' title='bbox 1110 1130 1198 1157; x_wconf 88' lang='lat' dir='ltr'>oras</span> 
     </span>
     <span class='ocr_line' id='line_1_20' title="bbox 253 1176 1239 1230; baseline -0.002 -13"><span class='ocrx_word' id='word_1_133' title='bbox 253 1178 435 1229; x_wconf 83' lang='lat' dir='ltr'>Applicor</span> <span class='ocrx_word' id='word_1_134' title='bbox 454 1208 465 1229; x_wconf 87' lang='lat'><em>‚</em></span> <span class='ocrx_word' id='word_1_135' title='bbox 497 1182 537 1215; x_wconf 90' lang='lat' dir='ltr'>et</span> <span class='ocrx_word' id='word_1_136' title='bbox 567 1176 715 1216; x_wconf 82' lang='lat' dir='ltr'>dextris</span> <span class='ocrx_word' id='word_1_137' title='bbox 747 1176 920 1216; x_wconf 87' lang='lat' dir='ltr'>adducor</span> <span class='ocrx_word' id='word_1_138' title='bbox 950 1176 1065 1216; x_wconf 90' lang='lat' dir='ltr'>litora</span> <span class='ocrx_word' id='word_1_139' title='bbox 1096 1178 1239 1230; x_wconf 85' lang='lat' dir='ltr'>remis,</span> 
     </span>
    </p>

    <p class='ocr_par' dir='ltr' id='par_1_6' title="bbox 253 1234 1318 1287">
     <span class='ocr_line' id='line_1_21' title="bbox 253 1234 1318 1287; baseline -0.002 -12"><span class='ocrx_word' id='word_1_140' title='bbox 253 1236 388 1287; x_wconf 92' lang='lat' dir='ltr'>Doque</span> <span class='ocrx_word' id='word_1_141' title='bbox 420 1235 524 1274; x_wconf 89' lang='lat' dir='ltr'>leves</span> <span class='ocrx_word' id='word_1_142' title='bbox 555 1235 676 1274; x_wconf 87' lang='lat' dir='ltr'>saltus</span> <span class='ocrx_word' id='word_1_143' title='bbox 707 1234 886 1286; x_wconf 89' lang='lat' dir='ltr'>udaeque</span> <span class='ocrx_word' id='word_1_144' title='bbox 917 1236 1094 1274; x_wconf 90' lang='lat' dir='ltr'>inmittor</span> <span class='ocrx_word' id='word_1_145' title='bbox 1126 1235 1318 1287; x_wconf 85' lang='lat' dir='ltr'>harenae,</span> 
     </span>
    </p>

    <p class='ocr_par' dir='ltr' id='par_1_7' title="bbox 167 1292 1472 1579">
     <span class='ocr_line' id='line_1_22' title="bbox 167 1292 1402 1345; baseline -0.003 -10"><span class='ocrx_word' id='word_1_146' title='bbox 167 1303 235 1336; x_wconf 85' lang='grc'>600</span> <span class='ocrx_word' id='word_1_147' title='bbox 254 1295 339 1334; x_wconf 84' lang='lat' dir='ltr'>Nox</span> <span class='ocrx_word' id='word_1_148' title='bbox 371 1293 438 1333; x_wconf 87' lang='lat' dir='ltr'>ubi</span> <span class='ocrx_word' id='word_1_149' title='bbox 471 1299 701 1345; x_wconf 88' lang='lat' dir='ltr'>consumpta</span> <span class='ocrx_word' id='word_1_150' title='bbox 733 1299 821 1332; x_wconf 89' lang='lat' dir='ltr'>est.</span> <span class='ocrx_word' id='word_1_151' title='bbox 860 1305 1000 1333; x_wconf 89' lang='lat' dir='ltr'>aurora</span> <span class='ocrx_word' id='word_1_152' title='bbox 1033 1292 1245 1333; x_wconf 87' lang='lat' dir='ltr'>rubescere</span> <span class='ocrx_word' id='word_1_153' title='bbox 1276 1294 1402 1345; x_wconf 90' lang='lat' dir='ltr'>primo</span> 
     </span>
     <span class='ocr_line' id='line_1_23' title="bbox 254 1351 1316 1404; baseline 0 -13"><span class='ocrx_word' id='word_1_154' title='bbox 254 1353 474 1404; x_wconf 83' lang='lat' dir='ltr'>Coeperat:</span> <span class='ocrx_word' id='word_1_155' title='bbox 506 1364 652 1403; x_wconf 84' lang='lat' dir='ltr'>exurgo</span> <span class='ocrx_word' id='word_1_156' title='bbox 671 1384 682 1404; x_wconf 88' lang='lat'>‚</span> <span class='ocrx_word' id='word_1_157' title='bbox 713 1351 926 1403; x_wconf 86' lang='lat' dir='ltr'>laticesque</span> <span class='ocrx_word' id='word_1_158' title='bbox 958 1352 1105 1391; x_wconf 89' lang='lat' dir='ltr'>inferre</span> <span class='ocrx_word' id='word_1_159' title='bbox 1135 1358 1316 1391; x_wconf 81' lang='lat' dir='ltr'>recentes</span> 
     </span>
     <span class='ocr_line' id='line_1_24' title="bbox 253 1409 1472 1462; baseline -0.001 -12"><span class='ocrx_word' id='word_1_160' title='bbox 253 1411 452 1450; x_wconf 85' lang='lat' dir='ltr'>Admoneo</span> <span class='ocrx_word' id='word_1_161' title='bbox 472 1442 482 1462; x_wconf 91' lang='lat'><em>,</em></span> <span class='ocrx_word' id='word_1_162' title='bbox 514 1416 770 1461; x_wconf 89' lang='lat' dir='ltr'>monstroque</span> <span class='ocrx_word' id='word_1_163' title='bbox 801 1411 901 1449; x_wconf 89' lang='lat' dir='ltr'>viam</span> <span class='ocrx_word' id='word_1_164' title='bbox 919 1441 931 1462; x_wconf 84' lang='lat'><strong><em>,</em></strong></span> <span class='ocrx_word' id='word_1_165' title='bbox 963 1422 1061 1461; x_wconf 90' lang='lat' dir='ltr'>quae</span> <span class='ocrx_word' id='word_1_166' title='bbox 1100 1409 1218 1450; x_wconf 89' lang='lat' dir='ltr'>ducat</span> <span class='ocrx_word' id='word_1_167' title='bbox 1248 1410 1294 1449; x_wconf 88' lang='lat' dir='ltr'>ad</span> <span class='ocrx_word' id='word_1_168' title='bbox 1329 1409 1472 1449; x_wconf 88' lang='lat' dir='ltr'>undas.</span> 
     </span>
     <span class='ocr_line' id='line_1_25' title="bbox 254 1467 1375 1522; baseline -0.002 -13"><span class='ocrx_word' id='word_1_169' title='bbox 254 1470 341 1521; x_wconf 88' lang='lat' dir='ltr'>Ipse</span> <span class='ocrx_word' id='word_1_170' title='bbox 359 1501 371 1521; x_wconf 88' lang='lat'><em>‚</em></span> <span class='ocrx_word' id='word_1_171' title='bbox 403 1468 496 1520; x_wconf 91' lang='lat' dir='ltr'>quid</span> <span class='ocrx_word' id='word_1_172' title='bbox 527 1480 621 1508; x_wconf 90' lang='lat' dir='ltr'>aura</span> <span class='ocrx_word' id='word_1_173' title='bbox 652 1468 746 1507; x_wconf 89' lang='lat' dir='ltr'>mihi</span> <span class='ocrx_word' id='word_1_174' title='bbox 778 1468 928 1508; x_wconf 88' lang='lat' dir='ltr'>tumulo</span> <span class='ocrx_word' id='word_1_175' title='bbox 960 1469 1163 1520; x_wconf 87' lang='lat' dir='ltr'>promittat</span> <span class='ocrx_word' id='word_1_176' title='bbox 1194 1467 1240 1507; x_wconf 91' lang='lat' dir='ltr'>ab</span> <span class='ocrx_word' id='word_1_177' title='bbox 1274 1468 1375 1522; x_wconf 84' lang='lat' dir='ltr'>alto,</span> 
     </span>
     <span class='ocr_line' id='line_1_26' title="bbox 253 1528 1391 1579; baseline -0.001 -12"><span class='ocrx_word' id='word_1_178' title='bbox 253 1528 456 1579; x_wconf 88' lang='lat' dir='ltr'>Prospicio</span> <span class='ocrx_word' id='word_1_179' title='bbox 475 1558 486 1579; x_wconf 88' lang='lat'>‚</span> <span class='ocrx_word' id='word_1_180' title='bbox 518 1528 760 1578; x_wconf 88' lang='lat' dir='ltr'>comitesque</span> <span class='ocrx_word' id='word_1_181' title='bbox 792 1539 887 1566; x_wconf 84' lang='lat' dir='ltr'>voco</span> <span class='ocrx_word' id='word_1_182' title='bbox 906 1558 917 1579; x_wconf 87' lang='lat'>,</span> <span class='ocrx_word' id='word_1_183' title='bbox 949 1533 1165 1578; x_wconf 79' lang='lat' dir='ltr'>repetoque</span> <span class='ocrx_word' id='word_1_184' title='bbox 1198 1528 1391 1566; x_wconf 87' lang='lat' dir='ltr'>carinam.</span> 
     </span>
    </p>

    <p class='ocr_par' dir='ltr' id='par_1_8' title="bbox 167 1582 1434 1754">
     <span class='ocr_line' id='line_1_27' title="bbox 167 1582 1434 1637; baseline -0.002 -11"><span class='ocrx_word' id='word_1_185' title='bbox 167 1594 234 1626; x_wconf 83' lang='lat'>605</span> <span class='ocrx_word' id='word_1_186' title='bbox 255 1584 483 1625; x_wconf 78' lang='lat' dir='ltr'>“Adsumus</span> <span class='ocrx_word' id='word_1_187' title='bbox 514 1597 564 1624; x_wconf 86' lang='lat' dir='ltr'>en</span> <span class='ocrx_word' id='word_1_188' title='bbox 583 1582 625 1624; x_wconf 84' lang='lat'>!&#39;&#39;</span> <span class='ocrx_word' id='word_1_189' title='bbox 656 1586 784 1636; x_wconf 90' lang='lat' dir='ltr'>inquit</span> <span class='ocrx_word' id='word_1_190' title='bbox 815 1586 1011 1624; x_wconf 86' lang='lat' dir='ltr'>sociorum</span> <span class='ocrx_word' id='word_1_191' title='bbox 1041 1587 1193 1637; x_wconf 90' lang='lat' dir='ltr'>primus</span> <span class='ocrx_word' id='word_1_192' title='bbox 1226 1585 1434 1637; x_wconf 88' lang='lat' dir='ltr'>Opheltes,</span> 
     </span>
     <span class='ocr_line' id='line_1_28' title="bbox 253 1643 1346 1697; baseline -0.001 -13"><span class='ocrx_word' id='word_1_193' title='bbox 253 1644 381 1695; x_wconf 91' lang='lat' dir='ltr'>thue</span> <span class='ocrx_word' id='word_1_194' title='bbox 413 1649 552 1695; x_wconf 87' lang='lat' dir='ltr'>putat,</span> <span class='ocrx_word' id='word_1_195' title='bbox 583 1643 766 1694; x_wconf 79' lang='lat' dir='ltr'>praedam</span> <span class='ocrx_word' id='word_1_196' title='bbox 799 1643 954 1683; x_wconf 89' lang='lat' dir='ltr'>deserto</span> <span class='ocrx_word' id='word_1_197' title='bbox 988 1649 1126 1683; x_wconf 84' lang='lat' dir='ltr'>nactus</span> <span class='ocrx_word' id='word_1_198' title='bbox 1158 1645 1198 1683; x_wconf 88' lang='lat' dir='ltr'>in</span> <span class='ocrx_word' id='word_1_199' title='bbox 1230 1656 1346 1697; x_wconf 84' lang='lat' dir='ltr'>agro,</span> 
     </span>
     <span class='ocr_line' id='line_1_29' title="bbox 254 1701 1199 1754; baseline 0 -13"><span class='ocrx_word' id='word_1_200' title='bbox 254 1702 435 1754; x_wconf 86' lang='lat' dir='ltr'>Virginea</span> <span class='ocrx_word' id='word_1_201' title='bbox 467 1714 636 1753; x_wconf 89' lang='lat' dir='ltr'>puerum</span> <span class='ocrx_word' id='word_1_202' title='bbox 666 1701 775 1741; x_wconf 86' lang='lat' dir='ltr'>ducit</span> <span class='ocrx_word' id='word_1_203' title='bbox 805 1714 876 1754; x_wconf 91' lang='lat' dir='ltr'>per</span> <span class='ocrx_word' id='word_1_204' title='bbox 907 1702 1020 1741; x_wconf 87' lang='lat' dir='ltr'>litora</span> <span class='ocrx_word' id='word_1_205' title='bbox 1052 1703 1199 1742; x_wconf 80' lang='lat' dir='ltr'>forma.</span> 
     </span>
    </p>

    <p class='ocr_par' dir='ltr' id='par_1_9' title="bbox 254 1760 1475 1871">
     <span class='ocr_line' id='line_1_30' title="bbox 254 1760 1278 1814; baseline 0 -14"><span class='ocrx_word' id='word_1_206' title='bbox 254 1761 321 1800; x_wconf 93' lang='lat' dir='ltr'>Ille</span> <span class='ocrx_word' id='word_1_207' title='bbox 353 1772 461 1800; x_wconf 91' lang='lat' dir='ltr'>mero</span> <span class='ocrx_word' id='word_1_208' title='bbox 494 1772 709 1811; x_wconf 89' lang='lat' dir='ltr'>somnoque</span> <span class='ocrx_word' id='word_1_209' title='bbox 740 1762 868 1812; x_wconf 85' lang='lat' dir='ltr'>gravis</span> <span class='ocrx_word' id='word_1_210' title='bbox 900 1760 1068 1800; x_wconf 85' lang='lat' dir='ltr'>titubare</span> <span class='ocrx_word' id='word_1_211' title='bbox 1099 1761 1278 1814; x_wconf 86' lang='lat' dir='ltr'>videtur,</span> 
     </span>
     <span class='ocr_line' id='line_1_31' title="bbox 255 1818 1475 1871; baseline 0.001 -13"><span class='ocrx_word' id='word_1_212' title='bbox 255 1819 402 1870; x_wconf 81' lang='lat' dir='ltr'>Vixque</span> <span class='ocrx_word' id='word_1_213' title='bbox 435 1820 574 1870; x_wconf 88' lang='lat' dir='ltr'>sequi.</span> <span class='ocrx_word' id='word_1_214' title='bbox 613 1824 748 1870; x_wconf 88' lang='lat' dir='ltr'>specto</span> <span class='ocrx_word' id='word_1_215' title='bbox 780 1818 929 1858; x_wconf 86' lang='lat' dir='ltr'>cultum</span> <span class='ocrx_word' id='word_1_216' title='bbox 960 1819 1177 1870; x_wconf 83' lang='lat' dir='ltr'>faciemque</span> <span class='ocrx_word' id='word_1_217' title='bbox 1209 1819 1475 1871; x_wconf 83' lang='lat' dir='ltr'>gradumque3</span> 
     </span>
    </p>

    <p class='ocr_par' dir='ltr' id='par_1_10' title="bbox 168 1876 1298 1930">
     <span class='ocr_line' id='line_1_32' title="bbox 168 1876 1298 1930; baseline 0 -14"><span class='ocrx_word' id='word_1_218' title='bbox 168 1886 235 1917; x_wconf 85' lang='lat'>610</span> <span class='ocrx_word' id='word_1_219' title='bbox 254 1877 317 1916; x_wconf 90' lang='lat' dir='ltr'>Nil</span> <span class='ocrx_word' id='word_1_220' title='bbox 347 1877 401 1916; x_wconf 89' lang='lat' dir='ltr'>ibi</span> <span class='ocrx_word' id='word_1_221' title='bbox 435 1877 537 1928; x_wconf 89' lang='lat' dir='ltr'>quod</span> <span class='ocrx_word' id='word_1_222' title='bbox 572 1877 678 1916; x_wconf 88' lang='lat' dir='ltr'>credi</span> <span class='ocrx_word' id='word_1_223' title='bbox 709 1883 843 1928; x_wconf 87' lang='lat' dir='ltr'>posset</span> <span class='ocrx_word' id='word_1_224' title='bbox 874 1876 1298 1930; x_wconf 49' lang='lat' dir='ltr'>mortaleradeham.</span> 
     </span>
    </p>

    <p class='ocr_par' dir='ltr' id='par_1_11' title="bbox 254 1932 1474 2162">
     <span class='ocr_line' id='line_1_33' title="bbox 254 1932 1286 1986; baseline 0 -12"><span class='ocrx_word' id='word_1_225' title='bbox 254 1934 305 1974; x_wconf 91' lang='lat' dir='ltr'>Et</span> <span class='ocrx_word' id='word_1_226' title='bbox 335 1936 442 1974; x_wconf 89' lang='lat' dir='ltr'>sensi</span> <span class='ocrx_word' id='word_1_227' title='bbox 473 1941 512 1974; x_wconf 92' lang='lat' dir='ltr'>et</span> <span class='ocrx_word' id='word_1_228' title='bbox 537 1935 616 1974; x_wconf 82' lang='lat' dir='ltr'>dixi</span> <span class='ocrx_word' id='word_1_229' title='bbox 648 1936 765 1974; x_wconf 91' lang='lat' dir='ltr'>sociis</span> <span class='ocrx_word' id='word_1_230' title='bbox 797 1932 934 1986; x_wconf 77' lang='lat' dir='ltr'>“quod</span> <span class='ocrx_word' id='word_1_231' title='bbox 966 1947 1112 1974; x_wconf 89' lang='lat' dir='ltr'>numen</span> <span class='ocrx_word' id='word_1_232' title='bbox 1145 1937 1185 1975; x_wconf 89' lang='lat' dir='ltr'>in</span> <span class='ocrx_word' id='word_1_233' title='bbox 1210 1937 1286 1975; x_wconf 89' lang='lat' dir='ltr'>isto</span> 
     </span>
     <span class='ocr_line' id='line_1_34' title="bbox 256 1993 1474 2046; baseline 0.002 -14"><span class='ocrx_word' id='word_1_234' title='bbox 256 1993 429 2045; x_wconf 89' lang='lat' dir='ltr'>Corpore</span> <span class='ocrx_word' id='word_1_235' title='bbox 461 1995 540 2046; x_wconf 81' lang='lat' dir='ltr'>sit,</span> <span class='ocrx_word' id='word_1_236' title='bbox 571 1993 737 2033; x_wconf 89' lang='lat' dir='ltr'>dubito:</span> <span class='ocrx_word' id='word_1_237' title='bbox 769 1993 837 2033; x_wconf 88' lang='lat' dir='ltr'>sed</span> <span class='ocrx_word' id='word_1_238' title='bbox 869 2005 1034 2045; x_wconf 86' lang='lat' dir='ltr'>corpore</span> <span class='ocrx_word' id='word_1_239' title='bbox 1066 2005 1212 2033; x_wconf 88' lang='lat' dir='ltr'>numen</span> <span class='ocrx_word' id='word_1_240' title='bbox 1231 1995 1272 2033; x_wconf 91' lang='lat' dir='ltr'>in</span> <span class='ocrx_word' id='word_1_241' title='bbox 1297 1995 1373 2034; x_wconf 90' lang='lat' dir='ltr'>isto</span> <span class='ocrx_word' id='word_1_242' title='bbox 1393 2000 1474 2034; x_wconf 90' lang='lat' dir='ltr'>est.</span> 
     </span>
     <span class='ocr_line' id='line_1_35' title="bbox 257 2051 1435 2105; baseline 0.002 -15"><span class='ocrx_word' id='word_1_243' title='bbox 257 2051 443 2102; x_wconf 84' lang='lat' dir='ltr'>Quisquis</span> <span class='ocrx_word' id='word_1_244' title='bbox 475 2063 516 2091; x_wconf 91' lang='lat' dir='ltr'>es</span> <span class='ocrx_word' id='word_1_245' title='bbox 534 2083 546 2104; x_wconf 82' lang='lat'><em>,</em></span> <span class='ocrx_word' id='word_1_246' title='bbox 577 2064 600 2090; x_wconf 92' lang='lat' dir='ltr'>o</span> <span class='ocrx_word' id='word_1_247' title='bbox 632 2052 759 2091; x_wconf 82' lang='lat' dir='ltr'>faveas</span> <span class='ocrx_word' id='word_1_248' title='bbox 778 2084 789 2105; x_wconf 93' lang='lat'><em>‚</em></span> <span class='ocrx_word' id='word_1_249' title='bbox 821 2053 1046 2103; x_wconf 87' lang='lat' dir='ltr'>nostrisque</span> <span class='ocrx_word' id='word_1_250' title='bbox 1077 2051 1277 2091; x_wconf 84' lang='lat' dir='ltr'>laboribus</span> <span class='ocrx_word' id='word_1_251' title='bbox 1309 2052 1435 2093; x_wconf 85' lang='lat' dir='ltr'>adsis:</span> 
     </span>
     <span class='ocr_line' id='line_1_36' title="bbox 256 2107 1474 2162; baseline 0.002 -14"><span class='ocrx_word' id='word_1_252' title='bbox 256 2109 324 2149; x_wconf 90' lang='lat' dir='ltr'>His</span> <span class='ocrx_word' id='word_1_253' title='bbox 356 2121 512 2160; x_wconf 87' lang='lat' dir='ltr'>quoque</span> <span class='ocrx_word' id='word_1_254' title='bbox 544 2110 612 2149; x_wconf 89' lang='lat' dir='ltr'>des</span> <span class='ocrx_word' id='word_1_255' title='bbox 644 2112 796 2150; x_wconf 84' lang='lat' dir='ltr'>veniam</span> <span class='ocrx_word' id='word_1_256' title='bbox 815 2107 856 2150; x_wconf 89' lang='lat'>.&#39;&#39;</span> <span class='ocrx_word' id='word_1_257' title='bbox 895 2107 997 2162; x_wconf 79' lang='lat' dir='ltr'>“pro</span> <span class='ocrx_word' id='word_1_258' title='bbox 1029 2109 1141 2150; x_wconf 89' lang='lat' dir='ltr'>nobis</span> <span class='ocrx_word' id='word_1_259' title='bbox 1161 2112 1271 2150; x_wconf 86' lang='lat' dir='ltr'>mitte</span> <span class='ocrx_word' id='word_1_260' title='bbox 1290 2108 1474 2162; x_wconf 86' lang='lat' dir='ltr'>precari&#39;’</span> 
     </span>
    </p>

    <p class='ocr_par' dir='ltr' id='par_1_12' title="bbox 169 2167 1350 2279">
     <span class='ocr_line' id='line_1_37' title="bbox 169 2167 1350 2219; baseline 0.001 -12"><span class='ocrx_word' id='word_1_261' title='bbox 169 2176 235 2207; x_wconf 77' lang='grc'>615</span> <span class='ocrx_word' id='word_1_262' title='bbox 256 2167 387 2219; x_wconf 85' lang='lat' dir='ltr'>Dictys</span> <span class='ocrx_word' id='word_1_263' title='bbox 420 2169 501 2219; x_wconf 87' lang='lat' dir='ltr'>ait,</span> <span class='ocrx_word' id='word_1_264' title='bbox 533 2180 609 2219; x_wconf 92' lang='lat' dir='ltr'>quo</span> <span class='ocrx_word' id='word_1_265' title='bbox 642 2180 720 2207; x_wconf 90' lang='lat' dir='ltr'>non</span> <span class='ocrx_word' id='word_1_266' title='bbox 752 2169 850 2208; x_wconf 88' lang='lat' dir='ltr'>alius</span> <span class='ocrx_word' id='word_1_267' title='bbox 881 2168 1147 2208; x_wconf 85' lang='lat' dir='ltr'>conscendere</span> <span class='ocrx_word' id='word_1_268' title='bbox 1179 2181 1350 2208; x_wconf 90' lang='lat' dir='ltr'>summas</span> 
     </span>
     <span class='ocr_line' id='line_1_38' title="bbox 256 2226 1259 2279; baseline 0.001 -14"><span class='ocrx_word' id='word_1_269' title='bbox 256 2226 374 2265; x_wconf 90' lang='lat' dir='ltr'>Ocior</span> <span class='ocrx_word' id='word_1_270' title='bbox 405 2231 606 2265; x_wconf 87' lang='lat' dir='ltr'>antemnas</span> <span class='ocrx_word' id='word_1_271' title='bbox 625 2257 636 2278; x_wconf 85' lang='lat'><em>‚</em></span> <span class='ocrx_word' id='word_1_272' title='bbox 667 2239 890 2279; x_wconf 88' lang='lat' dir='ltr'>prensoque</span> <span class='ocrx_word' id='word_1_273' title='bbox 916 2227 1082 2266; x_wconf 89' lang='lat' dir='ltr'>rudente</span> <span class='ocrx_word' id='word_1_274' title='bbox 1114 2226 1259 2266; x_wconf 84' lang='lat' dir='ltr'>relabi.</span> 
     </span>
    </p>

    <p class='ocr_par' dir='ltr' id='par_1_13' title="bbox 257 2283 1430 2338">
     <span class='ocr_line' id='line_1_39' title="bbox 257 2283 1430 2338; baseline 0.003 -16"><span class='ocrx_word' id='word_1_275' title='bbox 257 2283 339 2323; x_wconf 87' lang='lat' dir='ltr'>Hoc</span> <span class='ocrx_word' id='word_1_276' title='bbox 371 2283 486 2335; x_wconf 87' lang='lat' dir='ltr'>Libys</span> <span class='ocrx_word' id='word_1_277' title='bbox 506 2315 516 2335; x_wconf 89' lang='lat'>‚</span> <span class='ocrx_word' id='word_1_278' title='bbox 548 2284 622 2323; x_wconf 88' lang='lat' dir='ltr'>hoc</span> <span class='ocrx_word' id='word_1_279' title='bbox 652 2284 803 2337; x_wconf 88' lang='lat' dir='ltr'>flavus,</span> <span class='ocrx_word' id='word_1_280' title='bbox 835 2297 974 2336; x_wconf 88' lang='lat' dir='ltr'>prorae</span> <span class='ocrx_word' id='word_1_281' title='bbox 1007 2284 1127 2324; x_wconf 78' lang='lat' dir='ltr'>tutela</span> <span class='ocrx_word' id='word_1_282' title='bbox 1146 2316 1157 2337; x_wconf 90' lang='lat'>,</span> <span class='ocrx_word' id='word_1_283' title='bbox 1188 2285 1430 2338; x_wconf 83' lang='lat' dir='ltr'>Melanthus,</span> 
     </span>
    </p>
   </div>
  </div>
 </body>
</html>
