1527 2580
530 140 580 175 IX
597 168 605 185 ,
633 143 816 176 soe—5⁷9
833 167 840 175 .
997 153 1117 175 mnus
1271 140 1351 181 189

132 251 382 302 Pugnavique
414 250 481 290 diu
513 250 680 290 violenta
712 249 912 302 Cupidinis
944 262 1048 289 arma

132 309 313 362 Effugere
346 309 509 361 infelix,
542 316 581 349 et
611 310 728 362 plus,
761 322 877 361 quam
910 310 1013 348 serre
1047 309 1212 360 puellam

45 376 112 409 545
134 368 252 408 Posse
285 374 400 420 putes
419 400 429 420 ,
462 380 532 419 ego
566 368 664 407 dura
695 368 794 407 tuli.
834 374 1016 420 superata
1048 368 1161 406 fateri

133 427 290 480 Cogor,
321 439 514 479 opemque
547 432 654 466 tuam
685 426 830 465 timidis
864 438 1076 478 exposcere
1108 427 1230 465 votis.

133 485 193 525 Tu
226 497 382 525 servare
414 491 526 537 potes
550 516 562 538 ,
593 492 636 525 tu
667 485 833 536 perdere
867 485 972 525 solus
1005 490 1218 524 amantem.

135 544 244 596 Elige
263 576 274 597 ,
305 550 440 584 utrum
473 545 618 583 facias.
658 556 735 582 non
768 544 841 582 hoc
873 545 1028 583 inimica
1059 548 1268 595 precatur,

136 603 213 642 Sed
246 615 346 654 quae
365 635 377 655 ,
410 615 498 642 cum
532 602 602 641 tibi
635 604 686 641 sit
716 604 958 641 iunctissima
977 634 988 654 ,
1019 603 1190 641 iunctior
1223 613 1309 640 esse

47 669 114 702 550
136 661 294 714 Expetit
325 668 365 701 et
395 661 521 700 vinclo
555 668 684 700 tecum
717 662 901 712 propiore
934 661 1066 712 ligari.

136 720 225 760 lura
255 732 371 761 senes
403 722 565 772 norint,
597 726 636 759 et
668 719 762 771 quid
793 719 984 770 liceatque
1018 720 1204 770 nefasque

135 779 288 831 Fasque
320 781 399 832 sit,
430 780 660 831 inquirant,
691 779 900 830 legumque
933 779 1108 817 examina
1140 783 1318 816 servent.

136 837 381 878 Conveniens
414 836 544 877 Venus
576 844 637 877 est
667 839 778 876 annis
811 839 1017 876 temeraria
1048 838 1217 876 nostris.

137 897 240 944 Quid
270 895 414 949 liceat,
446 898 643 936 nescimus
675 896 800 935 adhuc
819 927 830 948 ,
863 902 902 934 et
933 900 1074 934 cuncta
1104 895 1224 933 licere

49 963 117 995 555
139 955 345 996 Credimus
364 987 374 1007 ,
408 961 447 994 et
477 956 680 1006 sequimur
713 965 943 1005 magnorum
975 953 1151 1004 exempla
1170 952 1358 992 deorum.

137 1014 218 1054 Nec
249 1026 321 1054 nos
353 1020 420 1053 aut
451 1014 574 1053 durus
605 1019 716 1065 pater
748 1018 815 1051 aut
846 1013 1066 1051 reverentia
1097 1013 1218 1050 famae

139 1075 216 1112 Aut
247 1074 365 1112 timor
396 1072 640 1124 impedient:
672 1077 822 1110 tantum
855 1072 907 1110 sit
938 1082 1054 1110 causa
1084 1069 1269 1109 timendi.

140 1131 274 1172 Dulcia
305 1132 478 1171 fraterno
511 1130 584 1170 sub
618 1131 774 1169 nomine
807 1130 911 1169 furta
942 1135 1143 1180 tegemus,

139 1190 211 1230 Est
240 1189 336 1230 mihi
367 1189 528 1229 libertas
560 1196 691 1228 tecum
723 1194 875 1228 secreta
905 1187 1122 1239 loquendi,

51 1257 120 1290 550
139 1249 190 1289 Et
219 1249 356 1288 damus
388 1248 618 1300 amplexus,
651 1254 689 1286 et
720 1248 917 1298 iungimus
949 1245 1082 1285 oscula
1114 1257 1267 1284 coram.

141 1308 339 1355 Quantum
359 1313 421 1347 est
436 1338 448 1360 ,
481 1307 584 1358 quod
617 1306 718 1346 desit
736 1303 757 1345 P
782 1307 971 1345 miserere
991 1304 1149 1344 fatentis
1169 1315 1363 1356 amorem,

141 1367 191 1406 Et
221 1379 300 1406 non
331 1367 538 1419 sassurae,
568 1367 646 1405 nisi
677 1370 837 1416 cogeret
867 1363 1028 1403 ultimus
1060 1362 1199 1402 ardor:

141 1425 247 1465 Neve
278 1437 431 1465 merere
463 1436 551 1464 meo
583 1423 779 1463 subscribi
811 1434 927 1462 causa
952 1416 1201 1473 sepulchro?

141 1484 249 1524 Talia
279 1485 517 1536 nequiquam
549 1488 796 1534 perarantem
827 1481 941 1533 plena
973 1480 1133 1531 reliquit

55 1550 122 1584 565
143 1543 242 1583 Cera
259 1555 442 1595 manum,
463 1553 719 1593 summusque
745 1542 786 1580 in
812 1541 985 1591 margine
1006 1550 1143 1577 versus
1170 1538 1365 1577 adhaesit.

143 1602 331 1642 Protinus
361 1603 554 1654 impressa
585 1601 712 1651 signat
743 1610 812 1638 sua
845 1599 1008 1638 crimina
1040 1608 1215 1649 gemma,

145 1661 272 1707 Quam
302 1663 419 1700 tinxit
448 1659 648 1710 lacrimis3
687 1658 858 1710 linguam
889 1656 1088 1696 defecerat
1118 1667 1255 1695 umor.

144 1719 279 1771 Deque
313 1721 395 1759 suis
427 1729 551 1757 unum
583 1716 736 1756 famulis
768 1714 996 1768 pudibunda
1026 1715 1197 1765 vocavit,

145 1777 196 1818 Et
225 1778 408 1830 pavidum
439 1776 610 1815 blandita
642 1772 717 1814 ‘fer
749 1774 847 1826 has,
879 1773 1095 1825 fidissime,
1127 1767 1280 1811 nostro'
1311 1791 1366 1799 —

57 1844 125 1878 570
145 1837 278 1889 Dixit,
309 1843 350 1876 et
380 1836 521 1876 adiecit
551 1834 666 1886 longo
698 1840 787 1885 post
817 1839 993 1884 tempore
1027 1827 1191 1870 ‘fratrif

147 1896 245 1935 Cum
277 1895 416 1948 daret,
447 1893 599 1945 elapsae
619 1865 811 1931 t>manibus
843 1890 1021 1930 cecidere
1052 1889 1238 1929 tabellae.

147 1955 286 1994 Omine
318 1953 473 1994 turbata
504 1958 595 2003 est,
625 1952 732 1990 misit
762 1956 920 1989 tamen.
959 1954 1047 2000 apta
1078 1949 1257 1986 minister

147 2013 341 2065 Tempora
372 2019 510 2052 nactus
543 2011 622 2050 adit
652 2009 848 2060 traditque
881 2008 1038 2047 latentia
1069 2004 1211 2045 verba.

147 2073 346 2111 Attonitus
378 2071 507 2110 subita
539 2070 690 2108 iuvenis
722 2066 968 2107 Maeandrius
999 2067 1057 2105 ira

60 2137 128 2171 575
147 2129 296 2170 Proicit
326 2136 506 2181 acceptas
536 2128 637 2167 lecta
669 2126 744 2166 sibi
774 2132 884 2177 parte
916 2124 1101 2176 tabellas,

148 2188 298 2240 Vixque
330 2200 468 2228 manus
500 2188 676 2226 retinens
707 2184 940 2236 trepidantis
972 2183 1019 2222 ab
1052 2194 1120 2222 ore
1153 2181 1346 2234 ministri,

149 2244 267 2287 ‘Dum
298 2247 418 2300 licet,
451 2244 502 2286 0!
535 2246 675 2284 vetitae
709 2243 898 2283 scelerate
929 2241 1102 2281 libidinis
1134 2247 1295 2292 auctor,

148 2305 315 2358 Effuge.
308 2303 331 2333 2'
365 2307 418 2345 ait
449 2302 560 2357 ‘qui,
593 2305 626 2342 si
658 2307 837 2342 nostrum
869 2308 935 2341 tua
967 2301 1044 2340 sata
1074 2299 1266 2351 pudorem

148 2364 235 2404 Non
268 2364 468 2405 traherent
500 2374 663 2416 secum,
694 2372 840 2414 poenas
872 2359 967 2399 mihi
997 2365 1123 2399 mone
1156 2352 1370 2397 dedisses?
