<?xml version="1.0" encoding="UTF-8"?>
<!DOCTYPE html PUBLIC "-//W3C//DTD XHTML 1.0 Transitional//EN"
    "http://www.w3.org/TR/xhtml1/DTD/xhtml1-transitional.dtd">
<html xmlns="http://www.w3.org/1999/xhtml" xml:lang="en" lang="en">
 <head>
  <title>
</title>
<meta http-equiv="Content-Type" content="text/html;charset=utf-8" />
  <meta name='ocr-system' content='tesseract 3.04.00' />
  <meta name='ocr-capabilities' content='ocr_page ocr_carea ocr_par ocr_line ocrx_word'/>
</head>
<body>
  <div class='ocr_page' id='page_1' title='image "./ovidopera02oviduoft_0364.png"; bbox 0 0 1538 2496; ppageno 0'>
   <div class='ocr_carea' id='block_1_1' title="bbox 79 130 865 172">
    <p class='ocr_par' dir='ltr' id='par_1_1' title="bbox 79 130 865 172">
     <span class='ocr_line' id='line_1_1' title="bbox 79 130 865 172; baseline -0.003 -4"><span class='ocrx_word' id='word_1_1' title='bbox 79 132 100 172; x_wconf 81' lang='grc'>3</span> <span class='ocrx_word' id='word_1_2' title='bbox 109 131 161 172; x_wconf 85' lang='grc'>12</span> <span class='ocrx_word' id='word_1_3' title='bbox 280 143 504 166; x_wconf 67' lang='lat' dir='ltr'>rxmmoms</span> <span class='ocrx_word' id='word_1_4' title='bbox 628 130 843 165; x_wconf 89' lang='lat' dir='ltr'>METAMM</span> <span class='ocrx_word' id='word_1_5' title='bbox 856 155 865 166; x_wconf 89' lang='lat'><strong>.</strong></span> 
     </span>
    </p>
   </div>
   <div class='ocr_carea' id='block_1_2' title="bbox 104 239 1415 2166">
    <p class='ocr_par' dir='ltr' id='par_1_2' title="bbox 104 239 1415 2166">
     <span class='ocr_line' id='line_1_2' title="bbox 193 239 1355 293; baseline 0.004 -14"><span class='ocrx_word' id='word_1_6' title='bbox 193 241 377 293; x_wconf 88' lang='lat' dir='ltr'>Transit,</span> <span class='ocrx_word' id='word_1_7' title='bbox 409 246 447 279; x_wconf 90' lang='lat' dir='ltr'>et</span> <span class='ocrx_word' id='word_1_8' title='bbox 479 240 652 279; x_wconf 90' lang='lat' dir='ltr'>emeritis</span> <span class='ocrx_word' id='word_1_9' title='bbox 685 239 802 278; x_wconf 86' lang='lat' dir='ltr'>medii</span> <span class='ocrx_word' id='word_1_10' title='bbox 833 251 991 291; x_wconf 88' lang='lat' dir='ltr'>quoque</span> <span class='ocrx_word' id='word_1_11' title='bbox 1024 241 1212 292; x_wconf 89' lang='lat' dir='ltr'>temporis</span> <span class='ocrx_word' id='word_1_12' title='bbox 1244 243 1355 285; x_wconf 83' lang='lat' dir='ltr'>annis</span> 
     </span>
     <span class='ocr_line' id='line_1_3' title="bbox 194 297 1196 349; baseline 0.001 -11"><span class='ocrx_word' id='word_1_13' title='bbox 194 299 357 338; x_wconf 82' lang='lat' dir='ltr'><strong>Labitur</strong></span> <span class='ocrx_word' id='word_1_14' title='bbox 388 297 572 337; x_wconf 84' lang='lat' dir='ltr'>occiduae</span> <span class='ocrx_word' id='word_1_15' title='bbox 603 309 674 349; x_wconf 90' lang='lat' dir='ltr'>per</span> <span class='ocrx_word' id='word_1_16' title='bbox 705 299 781 337; x_wconf 89' lang='lat' dir='ltr'>iter</span> <span class='ocrx_word' id='word_1_17' title='bbox 813 297 960 338; x_wconf 83' lang='lat' dir='ltr'>declive</span> <span class='ocrx_word' id='word_1_18' title='bbox 993 304 1196 340; x_wconf 83' lang='lat' dir='ltr'>senectae.</span> 
     </span>
     <span class='ocr_line' id='line_1_4' title="bbox 195 355 1092 408; baseline -0.001 -11"><span class='ocrx_word' id='word_1_19' title='bbox 195 357 358 397; x_wconf 85' lang='lat' dir='ltr'><strong>Subruit</strong></span> <span class='ocrx_word' id='word_1_20' title='bbox 388 356 484 395; x_wconf 90' lang='lat' dir='ltr'>haec</span> <span class='ocrx_word' id='word_1_21' title='bbox 516 357 599 395; x_wconf 87' lang='lat' dir='ltr'>aevi</span> <span class='ocrx_word' id='word_1_22' title='bbox 630 355 917 408; x_wconf 86' lang='lat' dir='ltr'>demoliturque</span> <span class='ocrx_word' id='word_1_23' title='bbox 948 358 1092 408; x_wconf 89' lang='lat' dir='ltr'>prioris</span> 
     </span>
     <span class='ocr_line' id='line_1_5' title="bbox 193 413 1366 468; baseline 0.003 -14"><span class='ocrx_word' id='word_1_24' title='bbox 193 416 377 455; x_wconf 85' lang='lat' dir='ltr'>Robora:</span> <span class='ocrx_word' id='word_1_25' title='bbox 409 414 554 465; x_wconf 86' lang='lat' dir='ltr'>ssetque</span> <span class='ocrx_word' id='word_1_26' title='bbox 587 413 706 453; x_wconf 87' lang='lat' dir='ltr'>Milon</span> <span class='ocrx_word' id='word_1_27' title='bbox 737 416 898 468; x_wconf 86' lang='lat' dir='ltr'>senior,</span> <span class='ocrx_word' id='word_1_28' title='bbox 931 427 1021 455; x_wconf 93' lang='lat' dir='ltr'>cum</span> <span class='ocrx_word' id='word_1_29' title='bbox 1051 421 1203 468; x_wconf 89' lang='lat' dir='ltr'>spectat</span> <span class='ocrx_word' id='word_1_30' title='bbox 1232 418 1366 457; x_wconf 88' lang='lat' dir='ltr'>inanes</span> 
     </span>
     <span class='ocr_line' id='line_1_6' title="bbox 107 472 1186 525; baseline 0 -11"><span class='ocrx_word' id='word_1_31' title='bbox 107 482 172 514; x_wconf 81' lang='lat'>230</span> <span class='ocrx_word' id='word_1_32' title='bbox 193 474 281 512; x_wconf 89' lang='lat' dir='ltr'>lllos</span> <span class='ocrx_word' id='word_1_33' title='bbox 300 505 311 525; x_wconf 84' lang='lat'><em>,</em></span> <span class='ocrx_word' id='word_1_34' title='bbox 343 474 410 524; x_wconf 92' lang='lat' dir='ltr'>qui</span> <span class='ocrx_word' id='word_1_35' title='bbox 443 473 598 512; x_wconf 87' lang='lat' dir='ltr'>fuerant</span> <span class='ocrx_word' id='word_1_36' title='bbox 629 472 842 513; x_wconf 91' lang='lat' dir='ltr'>solidorum</span> <span class='ocrx_word' id='word_1_37' title='bbox 875 473 977 513; x_wconf 91' lang='lat' dir='ltr'>mole</span> <span class='ocrx_word' id='word_1_38' title='bbox 1008 480 1186 514; x_wconf 89' lang='lat' dir='ltr'>tororum</span> 
     </span>
     <span class='ocr_line' id='line_1_7' title="bbox 194 531 1196 584; baseline 0.002 -14"><span class='ocrx_word' id='word_1_39' title='bbox 194 531 395 570; x_wconf 81' lang='lat' dir='ltr'>Herculeis</span> <span class='ocrx_word' id='word_1_40' title='bbox 428 531 574 571; x_wconf 85' lang='lat' dir='ltr'>similes</span> <span class='ocrx_word' id='word_1_41' title='bbox 593 563 604 584; x_wconf 93' lang='lat'><em>,</em></span> <span class='ocrx_word' id='word_1_42' title='bbox 629 531 770 571; x_wconf 92' lang='lat' dir='ltr'>ssuidos</span> <span class='ocrx_word' id='word_1_43' title='bbox 803 532 975 584; x_wconf 88' lang='lat' dir='ltr'>pendere</span> <span class='ocrx_word' id='word_1_44' title='bbox 1007 532 1196 572; x_wconf 84' lang='lat' dir='ltr'>lacertos.</span> 
     </span>
     <span class='ocr_line' id='line_1_8' title="bbox 193 590 1335 645; baseline 0.003 -17"><span class='ocrx_word' id='word_1_45' title='bbox 193 590 276 629; x_wconf 85' lang='lat' dir='ltr'>Flet</span> <span class='ocrx_word' id='word_1_46' title='bbox 308 602 464 641; x_wconf 91' lang='lat' dir='ltr'>quoque</span> <span class='ocrx_word' id='word_1_47' title='bbox 483 621 494 643; x_wconf 86' lang='lat'>‚</span> <span class='ocrx_word' id='word_1_48' title='bbox 526 595 570 630; x_wconf 90' lang='lat' dir='ltr'>ut</span> <span class='ocrx_word' id='word_1_49' title='bbox 600 591 640 629; x_wconf 90' lang='lat' dir='ltr'>in</span> <span class='ocrx_word' id='word_1_50' title='bbox 672 590 831 642; x_wconf 91' lang='lat' dir='ltr'>speculo</span> <span class='ocrx_word' id='word_1_51' title='bbox 863 603 980 642; x_wconf 87' lang='lat' dir='ltr'>rugas</span> <span class='ocrx_word' id='word_1_52' title='bbox 1012 593 1163 644; x_wconf 85' lang='lat' dir='ltr'>aspexit</span> <span class='ocrx_word' id='word_1_53' title='bbox 1194 592 1335 645; x_wconf 83' lang='lat' dir='ltr'>aniles,</span> 
     </span>
     <span class='ocr_line' id='line_1_9' title="bbox 193 648 1347 704; baseline 0.003 -17"><span class='ocrx_word' id='word_1_54' title='bbox 193 648 381 700; x_wconf 80' lang='lat' dir='ltr'>Tyndaris</span> <span class='ocrx_word' id='word_1_55' title='bbox 400 680 411 701; x_wconf 83' lang='lat'><em>‚</em></span> <span class='ocrx_word' id='word_1_56' title='bbox 443 653 482 688; x_wconf 92' lang='lat' dir='ltr'>et</span> <span class='ocrx_word' id='word_1_57' title='bbox 513 660 677 701; x_wconf 87' lang='lat' dir='ltr'>secum,</span> <span class='ocrx_word' id='word_1_58' title='bbox 709 661 780 688; x_wconf 92' lang='lat' dir='ltr'>cur</span> <span class='ocrx_word' id='word_1_59' title='bbox 812 650 863 688; x_wconf 91' lang='lat' dir='ltr'>sit</span> <span class='ocrx_word' id='word_1_60' title='bbox 893 649 952 689; x_wconf 91' lang='lat' dir='ltr'>bis</span> <span class='ocrx_word' id='word_1_61' title='bbox 984 655 1123 704; x_wconf 83' lang='lat' dir='ltr'>rapta,</span> <span class='ocrx_word' id='word_1_62' title='bbox 1156 652 1347 702; x_wconf 80' lang='lat' dir='ltr'>requirit.</span> 
     </span>
     <span class='ocr_line' id='line_1_10' title="bbox 193 706 1323 762; baseline 0.003 -17"><span class='ocrx_word' id='word_1_63' title='bbox 193 707 365 758; x_wconf 66' lang='lat' dir='ltr'>Tempus</span> <span class='ocrx_word' id='word_1_64' title='bbox 399 706 494 745; x_wconf 84' lang='lat' dir='ltr'>edax</span> <span class='ocrx_word' id='word_1_65' title='bbox 526 719 690 760; x_wconf 88' lang='lat' dir='ltr'>rerum,</span> <span class='ocrx_word' id='word_1_66' title='bbox 723 712 844 759; x_wconf 88' lang='lat' dir='ltr'>tuque</span> <span class='ocrx_word' id='word_1_67' title='bbox 863 740 874 761; x_wconf 91' lang='lat'><em>,</em></span> <span class='ocrx_word' id='word_1_68' title='bbox 905 708 1094 747; x_wconf 88' lang='lat' dir='ltr'>invidiosa</span> <span class='ocrx_word' id='word_1_69' title='bbox 1125 714 1323 762; x_wconf 89' lang='lat' dir='ltr'>vetustas,</span> 
     </span>
     <span class='ocr_line' id='line_1_11' title="bbox 108 765 1173 819; baseline 0.003 -15"><span class='ocrx_word' id='word_1_70' title='bbox 108 773 173 805; x_wconf 81' lang='lat'>235</span> <span class='ocrx_word' id='word_1_71' title='bbox 195 765 333 805; x_wconf 88' lang='lat' dir='ltr'>Omnia</span> <span class='ocrx_word' id='word_1_72' title='bbox 366 765 598 819; x_wconf 84' lang='lat' dir='ltr'>destruitis,</span> <span class='ocrx_word' id='word_1_73' title='bbox 629 767 840 817; x_wconf 88' lang='lat' dir='ltr'>vitiataque</span> <span class='ocrx_word' id='word_1_74' title='bbox 873 765 1057 806; x_wconf 89' lang='lat' dir='ltr'>dentibus</span> <span class='ocrx_word' id='word_1_75' title='bbox 1090 769 1173 807; x_wconf 88' lang='lat' dir='ltr'>aevi</span> 
     </span>
     <span class='ocr_line' id='line_1_12' title="bbox 193 823 1124 865; baseline 0.001 -2"><span class='ocrx_word' id='word_1_76' title='bbox 193 823 383 863; x_wconf 87' lang='lat' dir='ltr'>Paulatim</span> <span class='ocrx_word' id='word_1_77' title='bbox 415 824 520 864; x_wconf 87' lang='lat' dir='ltr'>lenta</span> <span class='ocrx_word' id='word_1_78' title='bbox 552 826 783 864; x_wconf 86' lang='lat' dir='ltr'>consumitis</span> <span class='ocrx_word' id='word_1_79' title='bbox 815 826 943 864; x_wconf 87' lang='lat' dir='ltr'>omnia</span> <span class='ocrx_word' id='word_1_80' title='bbox 974 830 1124 865; x_wconf 87' lang='lat' dir='ltr'>morte.</span> 
     </span>
     <span class='ocr_line' id='line_1_13' title="bbox 191 882 1415 935; baseline 0.002 -14"><span class='ocrx_word' id='word_1_81' title='bbox 191 882 294 921; x_wconf 89' lang='lat' dir='ltr'>Haec</span> <span class='ocrx_word' id='word_1_82' title='bbox 315 894 472 934; x_wconf 89' lang='lat' dir='ltr'>quoque</span> <span class='ocrx_word' id='word_1_83' title='bbox 492 895 571 922; x_wconf 91' lang='lat' dir='ltr'>non</span> <span class='ocrx_word' id='word_1_84' title='bbox 585 888 786 935; x_wconf 84' lang='lat' dir='ltr'>perstant,</span> <span class='ocrx_word' id='word_1_85' title='bbox 807 895 905 934; x_wconf 88' lang='lat' dir='ltr'>quae</span> <span class='ocrx_word' id='word_1_86' title='bbox 919 895 991 923; x_wconf 91' lang='lat' dir='ltr'>nos</span> <span class='ocrx_word' id='word_1_87' title='bbox 1006 883 1198 923; x_wconf 86' lang='lat' dir='ltr'>elementa</span> <span class='ocrx_word' id='word_1_88' title='bbox 1211 895 1415 925; x_wconf 85' lang='lat' dir='ltr'>vocamus:</span> 
     </span>
     <span class='ocr_line' id='line_1_14' title="bbox 194 941 1361 995; baseline 0.003 -15"><span class='ocrx_word' id='word_1_89' title='bbox 194 941 377 993; x_wconf 89' lang='lat' dir='ltr'>Quasque</span> <span class='ocrx_word' id='word_1_90' title='bbox 409 942 514 981; x_wconf 89' lang='lat' dir='ltr'>vices</span> <span class='ocrx_word' id='word_1_91' title='bbox 546 947 762 995; x_wconf 86' lang='lat' dir='ltr'>peragant,</span> <span class='ocrx_word' id='word_1_92' title='bbox 796 964 850 970; x_wconf 85' lang='lat'>—</span> <span class='ocrx_word' id='word_1_93' title='bbox 884 943 1032 982; x_wconf 87' lang='lat' dir='ltr'>animos</span> <span class='ocrx_word' id='word_1_94' title='bbox 1064 941 1274 983; x_wconf 86' lang='lat' dir='ltr'>adhibete!</span> <span class='ocrx_word' id='word_1_95' title='bbox 1307 964 1361 972; x_wconf 88' lang='lat'>—-</span> 
     </span>
     <span class='ocr_line' id='line_1_15' title="bbox 1247 1001 1413 1042; baseline -0.006 0"><span class='ocrx_word' id='word_1_96' title='bbox 1247 1001 1413 1042; x_wconf 88' lang='lat' dir='ltr'>docebo.</span> 
     </span>
     <span class='ocr_line' id='line_1_16' title="bbox 192 1058 1216 1111; baseline 0.003 -14"><span class='ocrx_word' id='word_1_97' title='bbox 192 1058 385 1105; x_wconf 85' lang='lat' dir='ltr'>Quattuor</span> <span class='ocrx_word' id='word_1_98' title='bbox 417 1064 600 1098; x_wconf 89' lang='lat' dir='ltr'>aeternus</span> <span class='ocrx_word' id='word_1_99' title='bbox 633 1059 815 1110; x_wconf 86' lang='lat' dir='ltr'>genitalia</span> <span class='ocrx_word' id='word_1_100' title='bbox 850 1071 1016 1111; x_wconf 88' lang='lat' dir='ltr'>corpora</span> <span class='ocrx_word' id='word_1_101' title='bbox 1047 1059 1216 1100; x_wconf 89' lang='lat' dir='ltr'>mundus</span> 
     </span>
     <span class='ocr_line' id='line_1_17' title="bbox 104 1116 1245 1170; baseline 0.003 -15"><span class='ocrx_word' id='word_1_102' title='bbox 104 1125 172 1156; x_wconf 78' lang='lat'>240</span> <span class='ocrx_word' id='word_1_103' title='bbox 193 1116 403 1156; x_wconf 87' lang='lat' dir='ltr'>Continet.</span> <span class='ocrx_word' id='word_1_104' title='bbox 442 1129 490 1156; x_wconf 85' lang='lat' dir='ltr'>ex</span> <span class='ocrx_word' id='word_1_105' title='bbox 520 1117 597 1156; x_wconf 89' lang='lat' dir='ltr'>illis</span> <span class='ocrx_word' id='word_1_106' title='bbox 630 1117 707 1156; x_wconf 92' lang='lat' dir='ltr'>duo</span> <span class='ocrx_word' id='word_1_107' title='bbox 742 1123 835 1156; x_wconf 91' lang='lat' dir='ltr'>sunt</span> <span class='ocrx_word' id='word_1_108' title='bbox 866 1130 1032 1157; x_wconf 89' lang='lat' dir='ltr'>onerosa</span> <span class='ocrx_word' id='word_1_109' title='bbox 1050 1150 1062 1170; x_wconf 90' lang='lat'><em>‚</em></span> <span class='ocrx_word' id='word_1_110' title='bbox 1095 1130 1245 1169; x_wconf 91' lang='lat' dir='ltr'>suoque</span> 
     </span>
     <span class='ocr_line' id='line_1_18' title="bbox 192 1175 1369 1230; baseline 0.003 -17"><span class='ocrx_word' id='word_1_111' title='bbox 192 1175 371 1214; x_wconf 89' lang='lat' dir='ltr'>Pondere</span> <span class='ocrx_word' id='word_1_112' title='bbox 403 1176 444 1214; x_wconf 90' lang='lat' dir='ltr'>in</span> <span class='ocrx_word' id='word_1_113' title='bbox 475 1175 640 1215; x_wconf 84' lang='lat' dir='ltr'>inferius</span> <span class='ocrx_word' id='word_1_114' title='bbox 659 1207 671 1228; x_wconf 86' lang='lat'>‚</span> <span class='ocrx_word' id='word_1_115' title='bbox 703 1176 818 1215; x_wconf 90' lang='lat' dir='ltr'>tellus</span> <span class='ocrx_word' id='word_1_116' title='bbox 851 1182 967 1227; x_wconf 90' lang='lat' dir='ltr'>atque</span> <span class='ocrx_word' id='word_1_117' title='bbox 999 1176 1131 1230; x_wconf 89' lang='lat' dir='ltr'>unda,</span> <span class='ocrx_word' id='word_1_118' title='bbox 1163 1177 1369 1230; x_wconf 86' lang='lat' dir='ltr'>feruntur;</span> 
     </span>
     <span class='ocr_line' id='line_1_19' title="bbox 192 1233 1303 1288; baseline 0.003 -16"><span class='ocrx_word' id='word_1_119' title='bbox 192 1233 240 1272; x_wconf 90' lang='lat' dir='ltr'>Et</span> <span class='ocrx_word' id='word_1_120' title='bbox 272 1233 436 1272; x_wconf 89' lang='lat' dir='ltr'>totidem</span> <span class='ocrx_word' id='word_1_121' title='bbox 468 1235 655 1286; x_wconf 85' lang='lat' dir='ltr'>gravitate</span> <span class='ocrx_word' id='word_1_122' title='bbox 687 1240 851 1288; x_wconf 87' lang='lat' dir='ltr'>carent,</span> <span class='ocrx_word' id='word_1_123' title='bbox 882 1234 1068 1286; x_wconf 89' lang='lat' dir='ltr'>nulloque</span> <span class='ocrx_word' id='word_1_124' title='bbox 1099 1241 1303 1287; x_wconf 86' lang='lat' dir='ltr'>premente</span> 
     </span>
     <span class='ocr_line' id='line_1_20' title="bbox 191 1292 1168 1346; baseline 0.002 -15"><span class='ocrx_word' id='word_1_125' title='bbox 191 1292 276 1331; x_wconf 86' lang='lat' dir='ltr'>Alta</span> <span class='ocrx_word' id='word_1_126' title='bbox 306 1297 476 1346; x_wconf 85' lang='lat' dir='ltr'>petunt,</span> <span class='ocrx_word' id='word_1_127' title='bbox 508 1296 575 1332; x_wconf 75' lang='lat' dir='ltr'>aer</span> <span class='ocrx_word' id='word_1_128' title='bbox 606 1298 722 1344; x_wconf 87' lang='lat' dir='ltr'>atque</span> <span class='ocrx_word' id='word_1_129' title='bbox 755 1297 845 1332; x_wconf 78' lang='lat' dir='ltr'>aere</span> <span class='ocrx_word' id='word_1_130' title='bbox 875 1295 1014 1345; x_wconf 90' lang='lat' dir='ltr'>purior</span> <span class='ocrx_word' id='word_1_131' title='bbox 1044 1295 1168 1345; x_wconf 86' lang='lat' dir='ltr'>ignis.</span> 
     </span>
     <span class='ocr_line' id='line_1_21' title="bbox 193 1351 1386 1405; baseline 0.002 -15"><span class='ocrx_word' id='word_1_132' title='bbox 193 1351 301 1401; x_wconf 87' lang='lat' dir='ltr'>Quae</span> <span class='ocrx_word' id='word_1_133' title='bbox 334 1363 572 1403; x_wconf 89' lang='lat' dir='ltr'>quamquam</span> <span class='ocrx_word' id='word_1_134' title='bbox 603 1353 728 1404; x_wconf 90' lang='lat' dir='ltr'>spatio</span> <span class='ocrx_word' id='word_1_135' title='bbox 761 1351 935 1405; x_wconf 86' lang='lat' dir='ltr'>distant,</span> <span class='ocrx_word' id='word_1_136' title='bbox 966 1358 1097 1392; x_wconf 88' lang='lat' dir='ltr'>tamen</span> <span class='ocrx_word' id='word_1_137' title='bbox 1128 1354 1257 1392; x_wconf 88' lang='lat' dir='ltr'>omnia</span> <span class='ocrx_word' id='word_1_138' title='bbox 1288 1353 1386 1392; x_wconf 84' lang='lat' dir='ltr'>fiunt</span> 
     </span>
     <span class='ocr_line' id='line_1_22' title="bbox 106 1409 1298 1463; baseline 0.003 -15"><span class='ocrx_word' id='word_1_139' title='bbox 106 1418 172 1449; x_wconf 76' lang='lat'>245</span> <span class='ocrx_word' id='word_1_140' title='bbox 193 1409 249 1448; x_wconf 85' lang='lat' dir='ltr'>Ex</span> <span class='ocrx_word' id='word_1_141' title='bbox 281 1411 376 1461; x_wconf 84' lang='lat' dir='ltr'>ipsis</span> <span class='ocrx_word' id='word_1_142' title='bbox 395 1441 407 1462; x_wconf 60' lang='lat'><em>2</em></span> <span class='ocrx_word' id='word_1_143' title='bbox 438 1415 478 1449; x_wconf 91' lang='lat' dir='ltr'>et</span> <span class='ocrx_word' id='word_1_144' title='bbox 508 1411 549 1449; x_wconf 90' lang='lat' dir='ltr'>in</span> <span class='ocrx_word' id='word_1_145' title='bbox 579 1411 663 1462; x_wconf 85' lang='lat' dir='ltr'>ipsa</span> <span class='ocrx_word' id='word_1_146' title='bbox 695 1410 867 1450; x_wconf 88' lang='lat' dir='ltr'>cadunt:</span> <span class='ocrx_word' id='word_1_147' title='bbox 899 1410 1151 1463; x_wconf 88' lang='lat' dir='ltr'>resolutaque</span> <span class='ocrx_word' id='word_1_148' title='bbox 1182 1411 1298 1451; x_wconf 86' lang='lat' dir='ltr'>tellus</span> 
     </span>
     <span class='ocr_line' id='line_1_23' title="bbox 193 1467 1245 1522; baseline 0.003 -16"><span class='ocrx_word' id='word_1_149' title='bbox 193 1468 237 1507; x_wconf 92' lang='lat' dir='ltr'>In</span> <span class='ocrx_word' id='word_1_150' title='bbox 268 1467 435 1519; x_wconf 91' lang='lat' dir='ltr'>liquidas</span> <span class='ocrx_word' id='word_1_151' title='bbox 466 1471 632 1508; x_wconf 85' lang='lat' dir='ltr'>rarescit</span> <span class='ocrx_word' id='word_1_152' title='bbox 663 1481 781 1520; x_wconf 89' lang='lat' dir='ltr'>aquas</span> <span class='ocrx_word' id='word_1_153' title='bbox 801 1501 812 1522; x_wconf 90' lang='lat'>‚</span> <span class='ocrx_word' id='word_1_154' title='bbox 843 1474 1026 1508; x_wconf 87' lang='lat' dir='ltr'>tenuatus</span> <span class='ocrx_word' id='word_1_155' title='bbox 1058 1471 1099 1509; x_wconf 93' lang='lat' dir='ltr'>in</span> <span class='ocrx_word' id='word_1_156' title='bbox 1131 1481 1245 1509; x_wconf 89' lang='lat' dir='ltr'>auras</span> 
     </span>
     <span class='ocr_line' id='line_1_24' title="bbox 192 1526 1415 1579; baseline 0.002 -14"><span class='ocrx_word' id='word_1_157' title='bbox 192 1526 370 1577; x_wconf 69' lang='lat' dir='ltr'>Aeraque</span> <span class='ocrx_word' id='word_1_158' title='bbox 403 1538 516 1565; x_wconf 90' lang='lat' dir='ltr'>umor</span> <span class='ocrx_word' id='word_1_159' title='bbox 548 1527 655 1579; x_wconf 80' lang='lat' dir='ltr'>abit3</span> <span class='ocrx_word' id='word_1_160' title='bbox 687 1527 844 1579; x_wconf 89' lang='lat' dir='ltr'>dempto</span> <span class='ocrx_word' id='word_1_161' title='bbox 878 1539 1035 1579; x_wconf 89' lang='lat' dir='ltr'>quoque</span> <span class='ocrx_word' id='word_1_162' title='bbox 1066 1528 1240 1579; x_wconf 87' lang='lat' dir='ltr'>pondere</span> <span class='ocrx_word' id='word_1_163' title='bbox 1274 1540 1415 1570; x_wconf 89' lang='lat' dir='ltr'>rursus</span> 
     </span>
     <span class='ocr_line' id='line_1_25' title="bbox 192 1585 1155 1637; baseline 0.001 -13"><span class='ocrx_word' id='word_1_164' title='bbox 192 1585 235 1624; x_wconf 91' lang='lat' dir='ltr'>ln</span> <span class='ocrx_word' id='word_1_165' title='bbox 268 1597 434 1636; x_wconf 89' lang='lat' dir='ltr'>superos</span> <span class='ocrx_word' id='word_1_166' title='bbox 466 1589 532 1624; x_wconf 77' lang='lat' dir='ltr'>aer</span> <span class='ocrx_word' id='word_1_167' title='bbox 563 1587 817 1625; x_wconf 90' lang='lat' dir='ltr'>tenuissimus</span> <span class='ocrx_word' id='word_1_168' title='bbox 851 1588 992 1625; x_wconf 89' lang='lat' dir='ltr'>emicat</span> <span class='ocrx_word' id='word_1_169' title='bbox 1021 1587 1155 1637; x_wconf 89' lang='lat' dir='ltr'>ignes.</span> 
     </span>
     <span class='ocr_line' id='line_1_26' title="bbox 193 1643 1250 1696; baseline 0.003 -14"><span class='ocrx_word' id='word_1_170' title='bbox 193 1643 287 1682; x_wconf 88' lang='lat' dir='ltr'>Inde</span> <span class='ocrx_word' id='word_1_171' title='bbox 319 1649 427 1682; x_wconf 90' lang='lat' dir='ltr'>retro</span> <span class='ocrx_word' id='word_1_172' title='bbox 460 1643 657 1696; x_wconf 91' lang='lat' dir='ltr'>redeunt,</span> <span class='ocrx_word' id='word_1_173' title='bbox 688 1644 871 1696; x_wconf 90' lang='lat' dir='ltr'>idemque</span> <span class='ocrx_word' id='word_1_174' title='bbox 905 1646 1099 1684; x_wconf 82' lang='lat' dir='ltr'>retexitur</span> <span class='ocrx_word' id='word_1_175' title='bbox 1130 1645 1250 1686; x_wconf 88' lang='lat' dir='ltr'>ordo.</span> 
     </span>
     <span class='ocr_line' id='line_1_27' title="bbox 107 1701 1245 1756; baseline 0.002 -15"><span class='ocrx_word' id='word_1_176' title='bbox 107 1710 173 1742; x_wconf 80' lang='lat'>250</span> <span class='ocrx_word' id='word_1_177' title='bbox 194 1701 298 1753; x_wconf 86' lang='lat' dir='ltr'>Ignis</span> <span class='ocrx_word' id='word_1_178' title='bbox 332 1703 436 1741; x_wconf 90' lang='lat' dir='ltr'>enim</span> <span class='ocrx_word' id='word_1_179' title='bbox 468 1702 635 1742; x_wconf 90' lang='lat' dir='ltr'>densum</span> <span class='ocrx_word' id='word_1_180' title='bbox 666 1704 856 1755; x_wconf 90' lang='lat' dir='ltr'>spissatus</span> <span class='ocrx_word' id='word_1_181' title='bbox 887 1704 927 1742; x_wconf 91' lang='lat' dir='ltr'>in</span> <span class='ocrx_word' id='word_1_182' title='bbox 960 1707 1049 1743; x_wconf 78' lang='lat' dir='ltr'>aera</span> <span class='ocrx_word' id='word_1_183' title='bbox 1080 1706 1245 1756; x_wconf 85' lang='lat' dir='ltr'>transit,</span> 
     </span>
     <span class='ocr_line' id='line_1_28' title="bbox 196 1760 1281 1813; baseline 0.003 -14"><span class='ocrx_word' id='word_1_184' title='bbox 196 1760 296 1800; x_wconf 89' lang='lat' dir='ltr'>Hinc</span> <span class='ocrx_word' id='word_1_185' title='bbox 327 1762 367 1799; x_wconf 93' lang='lat' dir='ltr'>in</span> <span class='ocrx_word' id='word_1_186' title='bbox 399 1772 548 1813; x_wconf 83' lang='lat' dir='ltr'>aquas3</span> <span class='ocrx_word' id='word_1_187' title='bbox 580 1761 695 1801; x_wconf 90' lang='lat' dir='ltr'>tellus</span> <span class='ocrx_word' id='word_1_188' title='bbox 727 1762 940 1813; x_wconf 87' lang='lat' dir='ltr'>glomerata</span> <span class='ocrx_word' id='word_1_189' title='bbox 971 1763 1124 1802; x_wconf 69' lang='lat' dir='ltr'>cooeitur</span> <span class='ocrx_word' id='word_1_190' title='bbox 1155 1762 1281 1802; x_wconf 89' lang='lat' dir='ltr'>unda.</span> 
     </span>
     <span class='ocr_line' id='line_1_29' title="bbox 196 1819 1373 1873; baseline 0.003 -16"><span class='ocrx_word' id='word_1_191' title='bbox 196 1819 276 1858; x_wconf 89' lang='lat' dir='ltr'>Nec</span> <span class='ocrx_word' id='word_1_192' title='bbox 309 1820 460 1871; x_wconf 89' lang='lat' dir='ltr'>species</span> <span class='ocrx_word' id='word_1_193' title='bbox 493 1832 562 1859; x_wconf 87' lang='lat' dir='ltr'>sua</span> <span class='ocrx_word' id='word_1_194' title='bbox 589 1822 731 1871; x_wconf 89' lang='lat' dir='ltr'>cuique</span> <span class='ocrx_word' id='word_1_195' title='bbox 763 1826 923 1873; x_wconf 88' lang='lat' dir='ltr'>manet,</span> <span class='ocrx_word' id='word_1_196' title='bbox 953 1832 1089 1860; x_wconf 88' lang='lat' dir='ltr'>rerum</span> <span class='ocrx_word' id='word_1_197' title='bbox 1117 1833 1167 1860; x_wconf 91' lang='lat' dir='ltr'>ue</span> <span class='ocrx_word' id='word_1_198' title='bbox 1199 1823 1373 1860; x_wconf 87' lang='lat' dir='ltr'>novatrix</span> 
     </span>
     <span class='ocr_line' id='line_1_30' title="bbox 193 1877 1046 1930; baseline 0.004 -15"><span class='ocrx_word' id='word_1_199' title='bbox 193 1877 251 1916; x_wconf 85' lang='lat' dir='ltr'>Ex</span> <span class='ocrx_word' id='word_1_200' title='bbox 283 1878 367 1917; x_wconf 87' lang='lat' dir='ltr'>aliis</span> <span class='ocrx_word' id='word_1_201' title='bbox 399 1878 491 1917; x_wconf 90' lang='lat' dir='ltr'>alias</span> <span class='ocrx_word' id='word_1_202' title='bbox 523 1884 679 1930; x_wconf 88' lang='lat' dir='ltr'>reparat</span> <span class='ocrx_word' id='word_1_203' title='bbox 710 1885 848 1918; x_wconf 88' lang='lat' dir='ltr'>natura</span> <span class='ocrx_word' id='word_1_204' title='bbox 880 1879 1046 1930; x_wconf 83' lang='lat' dir='ltr'>figuras.</span> 
     </span>
     <span class='ocr_line' id='line_1_31' title="bbox 193 1935 1415 1991; baseline 0.002 -17"><span class='ocrx_word' id='word_1_205' title='bbox 193 1935 274 1975; x_wconf 91' lang='lat' dir='ltr'>Nec</span> <span class='ocrx_word' id='word_1_206' title='bbox 305 1938 408 1988; x_wconf 91' lang='lat' dir='ltr'>perit</span> <span class='ocrx_word' id='word_1_207' title='bbox 438 1939 479 1975; x_wconf 92' lang='lat' dir='ltr'>in</span> <span class='ocrx_word' id='word_1_208' title='bbox 511 1942 618 1976; x_wconf 89' lang='lat' dir='ltr'>tanto</span> <span class='ocrx_word' id='word_1_209' title='bbox 645 1939 854 1989; x_wconf 89' lang='lat' dir='ltr'>quicquam</span> <span class='ocrx_word' id='word_1_210' title='bbox 872 1969 884 1991; x_wconf 82' lang='lat'><em>,</em></span> <span class='ocrx_word' id='word_1_211' title='bbox 915 1937 1011 1977; x_wconf 91' lang='lat' dir='ltr'>mihi</span> <span class='ocrx_word' id='word_1_212' title='bbox 1037 1938 1184 1977; x_wconf 88' lang='lat' dir='ltr'>credite</span> <span class='ocrx_word' id='word_1_213' title='bbox 1204 1970 1214 1990; x_wconf 91' lang='lat'><em>‚</em></span> <span class='ocrx_word' id='word_1_214' title='bbox 1246 1937 1415 1989; x_wconf 90' lang='lat' dir='ltr'>mundo,</span> 
     </span>
     <span class='ocr_line' id='line_1_32' title="bbox 109 1994 1297 2048; baseline 0.003 -17"><span class='ocrx_word' id='word_1_215' title='bbox 109 2001 174 2032; x_wconf 80' lang='lat'>255</span> <span class='ocrx_word' id='word_1_216' title='bbox 198 1994 273 2032; x_wconf 89' lang='lat' dir='ltr'>Sed</span> <span class='ocrx_word' id='word_1_217' title='bbox 305 1997 454 2048; x_wconf 86' lang='lat' dir='ltr'>variat,</span> <span class='ocrx_word' id='word_1_218' title='bbox 486 1996 703 2047; x_wconf 87' lang='lat' dir='ltr'>faciemque</span> <span class='ocrx_word' id='word_1_219' title='bbox 736 2002 852 2035; x_wconf 86' lang='lat' dir='ltr'>novat</span> <span class='ocrx_word' id='word_1_220' title='bbox 871 2028 880 2036; x_wconf 88' lang='lat'>.</span> <span class='ocrx_word' id='word_1_221' title='bbox 917 1997 1104 2048; x_wconf 88' lang='lat' dir='ltr'>nascique</span> <span class='ocrx_word' id='word_1_222' title='bbox 1135 2002 1297 2036; x_wconf 87' lang='lat' dir='ltr'>vocatur</span> 
     </span>
     <span class='ocr_line' id='line_1_33' title="bbox 194 2052 1414 2107; baseline 0.003 -17"><span class='ocrx_word' id='word_1_223' title='bbox 194 2052 371 2103; x_wconf 87' lang='lat' dir='ltr'>Incipere</span> <span class='ocrx_word' id='word_1_224' title='bbox 405 2066 490 2093; x_wconf 89' lang='lat' dir='ltr'>esse</span> <span class='ocrx_word' id='word_1_225' title='bbox 523 2054 625 2094; x_wconf 89' lang='lat' dir='ltr'>aliud</span> <span class='ocrx_word' id='word_1_226' title='bbox 644 2086 656 2107; x_wconf 83' lang='lat'><strong><em>,</em></strong></span> <span class='ocrx_word' id='word_1_227' title='bbox 688 2066 804 2106; x_wconf 90' lang='lat' dir='ltr'>quam</span> <span class='ocrx_word' id='word_1_228' title='bbox 830 2054 934 2106; x_wconf 90' lang='lat' dir='ltr'>quod</span> <span class='ocrx_word' id='word_1_229' title='bbox 960 2055 1035 2094; x_wconf 81' lang='lat' dir='ltr'>suit</span> <span class='ocrx_word' id='word_1_230' title='bbox 1059 2061 1178 2107; x_wconf 83' lang='lat' dir='ltr'>ante3</span> <span class='ocrx_word' id='word_1_231' title='bbox 1211 2056 1414 2107; x_wconf 85' lang='lat' dir='ltr'>morique,</span> 
     </span>
     <span class='ocr_line' id='line_1_34' title="bbox 194 2109 1337 2166; baseline 0.003 -18"><span class='ocrx_word' id='word_1_232' title='bbox 194 2109 381 2150; x_wconf 83' lang='lat' dir='ltr'>Desinere</span> <span class='ocrx_word' id='word_1_233' title='bbox 413 2113 507 2152; x_wconf 93' lang='lat' dir='ltr'>illud</span> <span class='ocrx_word' id='word_1_234' title='bbox 540 2113 643 2152; x_wconf 88' lang='lat' dir='ltr'>idem</span> <span class='ocrx_word' id='word_1_235' title='bbox 664 2144 673 2152; x_wconf 94' lang='lat'>.</span> <span class='ocrx_word' id='word_1_236' title='bbox 712 2125 801 2153; x_wconf 89' lang='lat' dir='ltr'>cum</span> <span class='ocrx_word' id='word_1_237' title='bbox 834 2114 913 2152; x_wconf 90' lang='lat' dir='ltr'>sint</span> <span class='ocrx_word' id='word_1_238' title='bbox 943 2112 1021 2152; x_wconf 88' lang='lat' dir='ltr'>huc</span> <span class='ocrx_word' id='word_1_239' title='bbox 1053 2114 1218 2153; x_wconf 80' lang='lat' dir='ltr'>forsitan</span> <span class='ocrx_word' id='word_1_240' title='bbox 1249 2113 1337 2166; x_wconf 90' lang='lat' dir='ltr'>illa,</span> 
     </span>
    </p>
   </div>
   <div class='ocr_carea' id='block_1_3' title="bbox 195 2167 1417 2226">
    <p class='ocr_par' dir='ltr' id='par_1_3' title="bbox 195 2167 1417 2226">
     <span class='ocr_line' id='line_1_35' title="bbox 195 2167 1417 2226; baseline 0.003 -19"><span class='ocrx_word' id='word_1_241' title='bbox 195 2167 298 2209; x_wconf 84' lang='lat' dir='ltr'>Haec</span> <span class='ocrx_word' id='word_1_242' title='bbox 329 2171 514 2210; x_wconf 90' lang='lat' dir='ltr'>translata</span> <span class='ocrx_word' id='word_1_243' title='bbox 545 2171 636 2211; x_wconf 88' lang='lat' dir='ltr'>illuc</span> <span class='ocrx_word' id='word_1_244' title='bbox 654 2204 666 2224; x_wconf 92' lang='lat'><em>‚</em></span> <span class='ocrx_word' id='word_1_245' title='bbox 699 2184 850 2211; x_wconf 89' lang='lat' dir='ltr'>summa</span> <span class='ocrx_word' id='word_1_246' title='bbox 881 2177 1011 2226; x_wconf 84' lang='lat' dir='ltr'>tamen</span> <span class='ocrx_word' id='word_1_247' title='bbox 1050 2174 1179 2211; x_wconf 84' lang='lat' dir='ltr'>omnia</span> <span class='ocrx_word' id='word_1_248' title='bbox 1217 2177 1417 2211; x_wconf 86' lang='lat' dir='ltr'>constant.</span> 
     </span>
    </p>
   </div>
   <div class='ocr_carea' id='block_1_4' title="bbox 108 2226 1304 2388">
    <p class='ocr_par' dir='ltr' id='par_1_4' title="bbox 108 2226 1304 2388">
     <span class='ocr_line' id='line_1_36' title="bbox 194 2226 1218 2281; baseline 0.005 -16"><span class='ocrx_word' id='word_1_249' title='bbox 194 2226 256 2266; x_wconf 90' lang='lat' dir='ltr'>Nil</span> <span class='ocrx_word' id='word_1_250' title='bbox 288 2229 470 2278; x_wconf 86' lang='lat' dir='ltr'>equidem</span> <span class='ocrx_word' id='word_1_251' title='bbox 501 2230 646 2269; x_wconf 89' lang='lat' dir='ltr'>durare</span> <span class='ocrx_word' id='word_1_252' title='bbox 680 2230 746 2270; x_wconf 91' lang='lat' dir='ltr'>diu</span> <span class='ocrx_word' id='word_1_253' title='bbox 779 2230 852 2270; x_wconf 90' lang='lat' dir='ltr'>sub</span> <span class='ocrx_word' id='word_1_254' title='bbox 882 2231 1050 2281; x_wconf 86' lang='lat' dir='ltr'>imagine</span> <span class='ocrx_word' id='word_1_255' title='bbox 1082 2230 1218 2270; x_wconf 88' lang='lat' dir='ltr'>eadem</span> 
     </span>
     <span class='ocr_line' id='line_1_37' title="bbox 108 2285 1222 2329; baseline 0.004 -5"><span class='ocrx_word' id='word_1_256' title='bbox 108 2294 174 2325; x_wconf 76' lang='lat'>260</span> <span class='ocrx_word' id='word_1_257' title='bbox 196 2285 468 2326; x_wconf 86' lang='lat' dir='ltr'>Crediderim.</span> <span class='ocrx_word' id='word_1_258' title='bbox 507 2289 563 2326; x_wconf 91' lang='lat' dir='ltr'>sic</span> <span class='ocrx_word' id='word_1_259' title='bbox 596 2288 641 2327; x_wconf 90' lang='lat' dir='ltr'>ad</span> <span class='ocrx_word' id='word_1_260' title='bbox 675 2290 824 2329; x_wconf 80' lang='lat' dir='ltr'>ferrum</span> <span class='ocrx_word' id='word_1_261' title='bbox 856 2290 1018 2328; x_wconf 90' lang='lat' dir='ltr'>venistis</span> <span class='ocrx_word' id='word_1_262' title='bbox 1049 2288 1095 2328; x_wconf 88' lang='lat' dir='ltr'>ab</span> <span class='ocrx_word' id='word_1_263' title='bbox 1127 2300 1222 2328; x_wconf 86' lang='lat' dir='ltr'>auro</span> 
     </span>
     <span class='ocr_line' id='line_1_38' title="bbox 196 2343 1304 2388; baseline 0.004 -4"><span class='ocrx_word' id='word_1_264' title='bbox 196 2343 388 2385; x_wconf 83' lang='lat' dir='ltr'>Saecula:</span> <span class='ocrx_word' id='word_1_265' title='bbox 420 2346 479 2385; x_wconf 87' lang='lat' dir='ltr'>sic</span> <span class='ocrx_word' id='word_1_266' title='bbox 510 2347 653 2385; x_wconf 84' lang='lat' dir='ltr'>totiens</span> <span class='ocrx_word' id='word_1_267' title='bbox 686 2359 797 2387; x_wconf 89' lang='lat' dir='ltr'>versa</span> <span class='ocrx_word' id='word_1_268' title='bbox 829 2353 889 2388; x_wconf 87' lang='lat' dir='ltr'>est</span> <span class='ocrx_word' id='word_1_269' title='bbox 919 2347 1075 2387; x_wconf 86' lang='lat' dir='ltr'>fortuna</span> <span class='ocrx_word' id='word_1_270' title='bbox 1105 2347 1304 2388; x_wconf 85' lang='lat' dir='ltr'>locorum.</span> 
     </span>
    </p>
   </div>
   <div class='ocr_carea' id='block_1_5' title="bbox 1483 0 1538 772">
    <p class='ocr_par' dir='ltr' id='par_1_5' title="bbox 1483 0 1538 772">
     <span class='ocr_line' id='line_1_39' title="bbox 1483 0 1538 772; baseline 0 1724"><span class='ocrx_word' id='word_1_271' title='bbox 1483 0 1538 772; x_wconf 95' lang='lat' dir='ltr'> </span> 
     </span>
    </p>
   </div>
   <div class='ocr_carea' id='block_1_6' title="bbox 1523 1035 1538 1256">
    <p class='ocr_par' dir='ltr' id='par_1_6' title="bbox 1520 1035 1538 1256">
     <span class='ocr_line' id='line_1_40' title="bbox 1523 1035 1538 1256; baseline 0 0"><span class='ocrx_word' id='word_1_272' title='bbox 1523 1035 1538 1256; x_wconf 67' lang='grc' dir='ltr'>ἐ</span> 
     </span>
    </p>
   </div>
   <div class='ocr_carea' id='block_1_7' title="bbox 1529 1692 1538 1965">
    <p class='ocr_par' dir='ltr' id='par_1_7' title="bbox 1529 1692 1538 1965">
     <span class='ocr_line' id='line_1_41' title="bbox 1529 1692 1538 1965; textangle 90"><span class='ocrx_word' id='word_1_273' title='bbox 1530 1935 1538 1965; x_wconf 82' lang='grc'>·-</span> <span class='ocrx_word' id='word_1_274' title='bbox 1531 1907 1538 1923; x_wconf 58' lang='grc'>4</span> <span class='ocrx_word' id='word_1_275' title='bbox 1529 1794 1538 1893; x_wconf 68' lang='lat'>.-.—.·-</span> <span class='ocrx_word' id='word_1_276' title='bbox 1531 1733 1538 1779; x_wconf 55' lang='grc' dir='ltr'>-ρ</span> <span class='ocrx_word' id='word_1_277' title='bbox 1533 1692 1538 1713; x_wconf 54' lang='lat'>4.</span> 
     </span>
    </p>
   </div>
  </div>
 </body>
</html>
