1507 2580
535 104 568 138 11
581 132 591 148 ,
617 107 801 139 209—232
818 132 824 138 .
973 116 1154 138 ruamnon
1296 105 1349 144 29

131 216 285 266 Quique
318 216 535 254 recurvatis
567 214 666 253 ludit
697 213 927 252 Maeandros
960 215 999 252 in
1033 213 1172 257 undis

131 274 438 326 Mygdoniusque
472 273 590 311 Melas
623 280 661 311 et
693 273 907 311 Taenarius
939 271 1130 311 Euiotas.

131 335 237 372 Arsit
268 338 308 371 et
339 331 558 383 Eupluates
591 331 824 382 Babylonius
844 363 854 383 ,
886 333 983 369 arsit
1015 330 1207 382 Oiontes,

131 391 458 441 Thermodonque
481 392 582 429 citus
598 421 609 441 ‚
629 390 859 441 Gangesque
873 422 883 440 ,
903 395 943 428 et
961 389 1098 428 Phasis
1112 422 1122 441 ,
1142 396 1181 427 et
1203 389 1349 427 nister.

44 458 111 490 ⁸250
132 452 293 489 Aestuat
325 449 497 500 Alpheus
515 481 526 500 ,
557 451 664 499 ripae
693 449 952 499 Spercheides
986 448 1146 487 ardent:

133 509 325 559 Quodque
346 520 418 547 suo
438 507 568 559 Tagus
588 519 700 546 amne
722 507 827 546 vehit
845 539 855 558 ,
882 508 968 546 fluit
988 507 1144 558 ignibus
1164 538 1173 557 ,
1200 518 1357 545 aurum:

133 568 182 606 Et
215 579 313 618 quae
346 566 541 605 Maeonias
572 566 818 605 celebrarant
850 568 1021 605 carmine
1054 567 1158 616 ripas

134 626 359 665 Flumineae
391 625 570 664 volucres
590 657 602 677 ‚
635 625 762 663 medio
795 624 949 664 caluere
983 624 1168 675 Caystro,

134 685 245 724 Nilus
277 687 316 723 in
349 690 569 723 extremum
601 685 702 734 sugit
733 685 968 735 perterritus
1000 683 1137 721 orbem

46 753 113 783 255
135 743 394 794 Occuluitque
427 750 573 795 caput,
604 743 708 794 quod
748 743 874 781 adhuc
911 742 1032 780 latet.
1072 743 1170 780 ostia
1209 747 1357 791 septem

135 802 411 842 Pulverulenta
443 808 610 853 vacant,
644 807 794 852 septem
827 803 910 839 sine
943 802 1102 840 flumine
1135 799 1278 838 valles.

136 861 233 900 Fors
265 860 400 900 eadem
434 860 615 899 Ismarios
647 860 823 899 Hebrum
855 872 945 899 cum
979 859 1185 910 Strymone
1218 860 1361 908 siccat,

136 920 426 971 Hesperiosque
442 932 592 970 amneS,
607 918 786 958 Rhenum
796 918 1105 968 Rhodanumque
1114 917 1340 967 Padumque
1353 947 1362 967 ,

137 978 288 1029 Cuique
323 979 396 1017 suit
428 990 562 1017 rerum
594 980 787 1029 promissa
819 978 992 1028 potentia
1011 1008 1022 1028 ,
1053 975 1256 1026 Thybrin.

49 1046 117 1077 260
139 1037 287 1076 Dissilit
318 1049 433 1076 omne
466 1036 593 1075 solum
611 1068 623 1089 ,
653 1042 913 1087 penetratque
945 1037 985 1073 in
1011 1035 1175 1073 Tartara
1206 1034 1315 1072 rimis

138 1096 287 1135 Lumen
319 1101 359 1135 et
390 1096 589 1135 infernum
621 1101 746 1134 terret
777 1107 867 1134 cum
899 1096 1064 1145 coniuge
1096 1104 1251 1143 regem.

139 1155 186 1194 Et
218 1166 323 1193 mare
356 1154 603 1193 contrahitur
622 1186 633 1206 ‚
666 1155 870 1204 siccaeque
911 1159 972 1191 est
1003 1163 1163 1203 campus
1195 1151 1362 1189 harenae

139 1214 250 1260 Quod
271 1213 386 1252 modo
406 1219 551 1264 pontus
572 1219 680 1264 erat3
701 1224 878 1263 quosque
893 1211 1015 1250 altum
1029 1215 1181 1249 texerat
1194 1221 1365 1261 aequor,

139 1273 346 1312 Exsistunt
375 1277 530 1311 montes
557 1277 597 1310 et
628 1283 784 1322 sparsas
816 1270 1000 1322 Cycladas
1032 1274 1199 1320 augent.

50 1340 116 1371 265
138 1331 217 1370 lma
248 1336 390 1382 petunt
419 1332 548 1381 pisces
567 1362 577 1382 ,
609 1342 683 1369 nec
715 1342 756 1368 se
789 1341 909 1380 super
940 1340 1110 1379 aequora
1141 1328 1252 1366 curvi

139 1389 294 1429 Tollere
327 1396 535 1428 consuetas
567 1389 712 1427 audent
744 1388 948 1439 delphines
979 1389 1020 1425 in
1052 1398 1186 1425 auras.

140 1449 312 1500 Corpora
344 1448 560 1499 phocarum
592 1460 745 1487 summo
778 1448 961 1498 resupina
993 1444 1190 1497 profundo

141 1507 366 1546 Exanimata
400 1513 562 1546 natant.
601 1508 730 1558 ipsum
764 1518 920 1557 quoque
953 1504 1078 1543 Nerea
1111 1504 1209 1542 sama
1243 1510 1302 1540 est

144 1566 364 1617 Doridaque
395 1572 436 1605 et
467 1571 576 1604 natas
608 1565 751 1616 tepidis
784 1565 944 1603 latuisse
977 1562 1050 1602 sub
1083 1564 1227 1601 antris,

54 1634 122 1666 270
141 1625 220 1664 Ter
251 1624 458 1676 Neptunus
490 1626 601 1675 aquis
633 1636 724 1663 cum
755 1629 867 1662 torvo
899 1622 1080 1661 bracchia
1111 1620 1219 1659 vultu

143 1684 336 1723 Exserere
369 1695 489 1723 ausus
521 1689 634 1735 erat3
666 1689 727 1722 ter
759 1694 836 1720 non
869 1681 959 1720 tulit
990 1681 1091 1719 aeris
1122 1681 1255 1730 ignes.

143 1742 250 1781 Alma
281 1747 412 1781 tamen
444 1742 606 1794 Tellus,
640 1740 702 1791 [ut
734 1747 818 1780 erat
849 1739 1088 1779 circumdata
1118 1743 1264 1789 ponto,

143 1801 250 1840 Inter
281 1813 401 1852 aquas
432 1801 557 1852 pelagi
590 1805 813 1839 contractos
845 1799 1018 1848 undique
1049 1797 1202 1847 fontes,

144 1860 221 1906 Qui
251 1871 294 1899 se
326 1859 582 1899 condiderant
613 1861 653 1898 in
685 1870 827 1910 opacae
861 1859 1007 1895 viscera
1035 1856 1194 1905 matris,

56 1927 124 1958 275
146 1919 315 1958 Sustulit
345 1917 573 1970 oppressos]
607 1917 706 1957 collo
739 1923 854 1956 tenus
887 1916 993 1954 arida
1024 1914 1179 1963 vultus,

145 1977 417 2029 Opposuitque
449 1989 607 2016 manum
640 1977 790 2027 fronti,
821 1985 1039 2025 magnoque
1071 1978 1245 2011 tremore

146 2036 284 2075 Omnia
316 2037 547 2076 concutiens
580 2035 738 2086 paulum
772 2033 950 2072 subsedit
980 2038 1020 2070 et
1050 2032 1152 2070 infra

147 2095 270 2140 Quam
303 2094 403 2133 solet
434 2107 520 2133 esse
539 2126 551 2146 ,
583 2095 685 2144 suit3
718 2104 906 2142 sacraque
939 2093 991 2130 ita
1011 2102 1105 2129 voce
1126 2089 1255 2128 locuta
1288 2094 1371 2126 est:

147 2152 203 2191 ‘Si
224 2153 352 2204 placet
370 2153 444 2192 hoc
463 2185 474 2204 ‚
499 2154 704 2203 meruique
723 2183 735 2204 ‚
761 2151 854 2202 quid
881 2163 904 2188 o
924 2156 989 2189 tua
1011 2148 1173 2188 fulmina
1194 2154 1372 2197 cessant,

59 2222 126 2252 280
147 2212 307 2251 Summe
339 2211 455 2251 deum
476 2209 497 2250 Ῥ
527 2211 642 2250 liceat
673 2212 871 2261 periturae
903 2208 1053 2248 viribus
1085 2209 1187 2258 ignis

146 2271 239 2322 Igne
271 2272 402 2323 perire
434 2277 532 2322 tuo,
563 2269 791 2320 clademque
823 2274 983 2307 auctore
1015 2267 1165 2305 levare.

147 2329 218 2368 Vix
249 2329 431 2381 equidem
465 2330 598 2368 fauces
630 2328 726 2367 haec
757 2329 840 2379 ipsa
872 2329 912 2365 in
943 2325 1061 2365 verba
1092 2320 1261 2363 resolvo’
1293 2343 1347 2350 ——-
