1538 2496
81 131 163 174 298
252 144 387 166 annm.
413 142 544 165 anni-:As
628 127 842 163 METAMM
856 155 864 163 .

110 250 177 281 570
198 241 277 280 Nec
310 246 510 292 sceptrum
542 239 699 290 soceri,
731 249 804 276 nec
836 243 875 276 te
894 269 905 290 ‚
937 236 1095 277 Lavinia
1126 239 1259 292 virgo,

198 300 271 339 Sed
306 301 444 338 vicisse
476 303 645 348 petunt,
678 295 976 347 deponendique
1009 297 1159 348 pudore

196 358 300 397 Bella
332 362 500 408 gerunt.
540 355 774 406 tandemque
806 354 936 394 Venus
969 356 1143 395 victricia
1175 357 1255 396 nati

195 418 310 455 Arma
348 414 481 466 videt,
513 414 751 464 Turnusque
793 413 924 453 cadit:
958 414 1060 453 cadit
1097 413 1253 468 Ardea,
1283 413 1417 454 Turno

197 475 349 525 Sospite
376 472 479 512 dicta
504 478 645 524 potens
667 504 674 511 .
715 484 831 523 quam
855 477 1065 524 postquam
1090 471 1293 513 Dardanus
1319 475 1419 525 ignis

109 541 174 573 575
196 532 394 584 Abstulit,
427 538 466 570 et
499 531 629 582 tepida
659 531 862 571 latuerunt
892 536 996 570 tecta
1029 530 1179 584 favilla,

197 591 385 642 Congerie
406 603 426 629 e
447 590 573 629 metha
593 595 677 630 tum
695 591 867 642 primum
887 591 1041 641 cognita
1060 602 1226 642 praepes
1245 599 1274 625 ί.
1291 598 1418 626 cxcviii.

197 649 410 701 Subvolat,
443 654 482 688 et
514 650 666 688 cineres
698 649 845 700 plausis
878 648 1082 688 everberat
1113 648 1206 689 alis.

194 708 244 747 Et
276 720 396 747 sonus
428 713 467 746 et
498 709 642 746 macies
675 713 714 746 et
745 706 868 758 pallor
902 713 940 746 et
972 709 1100 746 omnia
1119 739 1130 760 ‚
1162 713 1314 759 captam

196 767 302 813 Quae
335 766 499 805 deceant
530 766 668 805 urbem
687 798 698 818 ,
730 778 874 805 nomen
914 778 1070 817 quoque
1112 768 1255 805 mansit
1285 768 1326 805 in
1359 766 1421 805 illa

107 832 176 864 580
195 825 341 877 Urbis3
374 831 413 864 et
444 827 527 876 ipsa
560 826 641 864 suis
674 824 921 876 deplangitur
953 824 1080 863 Ardea
1111 826 1271 876 pennis.

253 884 412 935 Iamque
445 883 538 923 deos
571 895 707 922 omnes
738 885 942 935 ipsamque
974 883 1118 922 Aeneia
1149 885 1273 922 virtus

197 943 387 982 Iunonem
419 948 572 982 veteres
604 943 717 981 finire
751 945 934 993 coegerat
964 942 1066 982 iras:

197 1001 293 1041 Cum
312 1033 323 1054 ‚
355 1001 455 1040 bene
488 1001 662 1040 fundatis
694 1000 835 1052 opibus
868 1002 1082 1039 crescentis
1115 1000 1210 1053 Iuli,

196 1060 468 1112 Tempestivus
501 1065 585 1099 erat
617 1059 723 1098 caelo
756 1059 988 1111 Cythereius
1020 1059 1161 1098 heros.

107 1125 174 1158 585
195 1118 473 1169 Ambieratque
505 1118 637 1158 Venus
669 1130 865 1170 superos,
898 1117 1075 1168 colloque
1109 1119 1285 1169 parentis

196 1177 442 1217 Circumfusa
475 1178 537 1216 sui
569 1174 799 1228 ‘numquam
830 1173 940 1215 mihi'
973 1176 1125 1215 dixerat
1157 1173 1249 1215 ‘ullo

195 1236 390 1287 Tempore
424 1235 521 1274 (lure
554 1241 665 1287 pater
684 1267 694 1287 ,
727 1247 832 1274 nunc
865 1236 918 1274 sis
950 1236 1212 1288 mitissimus,
1245 1240 1362 1287 opto:

194 1296 427 1345 Aeneaeque
460 1307 547 1333 meo
567 1326 578 1346 ,
611 1296 679 1345 qui
709 1299 748 1333 te
781 1293 828 1332 de
860 1295 1050 1345 sanguine
1082 1298 1219 1332 nostro

195 1354 305 1393 Fecit
336 1362 450 1392 avum
468 1385 479 1405 ‚
512 1354 688 1404 quamvis
713 1364 877 1404 parvum
910 1352 1008 1405 de-s,
1042 1353 1188 1404 optime
1207 1383 1218 1404 ,
1250 1364 1420 1404 numen,

106 1419 174 1451 590
195 1411 412 1451 Dummodo
446 1412 514 1450 des
547 1411 731 1462 aliquod.
771 1412 865 1450 satis
898 1416 958 1450 est
989 1410 1196 1450 inamabile
1225 1422 1391 1462 regnum

194 1471 402 1522 Aspexisse
436 1470 585 1522 semel,
619 1469 772 1521 Stygios
805 1469 927 1508 semel
957 1471 1035 1508 isse
1066 1481 1138 1521 per
1170 1481 1305 1508 amnes
1320 1466 1345 1508 ‚³

194 1530 407 1568 Assensere
441 1528 531 1580 dei3
564 1540 637 1567 nec
669 1529 840 1567 coniunx
870 1529 978 1578 regia
1008 1527 1138 1566 vultus

194 1587 367 1626 Inmotos
400 1587 557 1638 tenuit,
589 1587 820 1638 placatoque
853 1588 991 1625 annuit
1021 1598 1114 1625 ore.

195 1646 295 1685 Tum
327 1650 437 1697 pater
470 1642 597 1684 ‘estis'
631 1647 684 1684 ait
716 1642 890 1692 ecaelesti
922 1656 1087 1684 munere
1119 1644 1249 1697 digni,

109 1712 174 1745 595
196 1704 382 1755 Quaeque
414 1705 515 1756 petis
534 1735 545 1756 ‚
576 1715 648 1755 pro
682 1715 838 1754 quoque
870 1704 972 1755 petis
992 1734 1001 1743 .
1041 1715 1135 1755 cape
1154 1735 1165 1756 ,
1196 1709 1286 1743 nata
1304 1734 1315 1755 ,

1139 1762 1243 1813 quod
1274 1759 1421 1814 optas.'

194 1822 313 1861 Fatus
345 1827 457 1861 erat.
496 1821 668 1873 gaudet,
701 1826 910 1872 gratesque
943 1815 1111 1872 agiffla
1142 1822 1320 1872 parenti:

195 1880 348 1931 Perque
381 1881 485 1919 leves
518 1892 631 1919 auras
663 1881 807 1918 iunctis
839 1881 992 1918 invecta
1023 1878 1215 1918 columbis

195 1938 306 1978 Litus
339 1939 418 1977 adit
448 1938 653 1991 Laurens,
685 1937 754 1977 ubi
785 1944 914 1977 tectus
945 1937 1166 1976 harundine
1198 1939 1322 1989 serpit

197 1997 239 2035 In
273 1998 370 2036 freta
402 1997 598 2036 flumineis
630 1998 755 2035 vicina
786 1996 990 2035 Numicius
1022 1996 1161 2035 undis.

108 2063 177 2094 600
197 2055 311 2094 Hunc
343 2055 452 2094 iubet
482 2056 636 2094 Aeneae
669 2067 940 2106 quaecumque
973 2053 1140 2094 obnoxia
1171 2056 1314 2106 morti,

195 2113 364 2152 Abluere
397 2120 436 2153 et
466 2115 585 2153 tacito
618 2113 773 2152 deferre
806 2113 878 2152 suh
911 2125 1081 2164 aequora
1113 2125 1255 2152 cursu.

198 2171 406 2222 [Corniger
438 2173 668 2223 exsequitur
700 2171 863 2211 Veneris
894 2172 1103 2225 mandata,
1135 2173 1297 2222 suisque

199 2230 393 2281 Quicquid
425 2232 465 2269 in
497 2231 626 2270 Aenea
658 2231 786 2270 fuerat
817 2230 980 2270 mortale
1000 2263 1010 2283 ‚
1042 2236 1229 2282 repurgat

197 2288 247 2328 Et
279 2290 470 2340 respersit
502 2291 641 2339 aqu-is.
679 2301 770 2341 pars
804 2291 950 2341 optima
981 2291 1128 2328 restitit
1157 2287 1255 2338 illi.]
1281 2325 1286 2329 ,

107 2354 175 2387 605
197 2346 423 2387 Lustratum
455 2349 633 2399 genetrix
666 2347 795 2387 divino
828 2360 972 2401 corpus
1005 2348 1125 2387 odore
1267 2355 1296 2383 f.
1315 2355 1420 2382 cxcix.
