1538 2496
151 126 236 167 230
426 138 513 160 cmx
698 121 912 156 METAMM
927 149 935 157 .
1450 123 1453 126 ·
1513 0 1538 159 ἔ

267 236 388 275 Tanta
421 235 508 274 mali
541 232 662 272 moles
681 264 691 284 ‚
724 236 911 282 tantoque
942 233 1142 284 potentior
1173 237 1256 271 arte
1289 242 1371 272 est.

186 304 246 334 295
269 294 439 345 [Quippe
474 297 613 331 sonant
644 290 813 330 clamore
845 292 948 344 viri,
981 290 1150 330 stridore
1182 290 1393 344 rudentes,
1524 291 1538 337 ς’

269 354 465 392 Undarum
496 353 660 389 incursu
692 351 818 401 gravis
850 349 983 402 unda,
1016 349 1227 389 tonitribus
1259 350 1395 389 aether
1409 349 1436 401 .]

266 411 468 450 Fluctibus
502 411 666 460 erigitur
699 408 927 459 caelumque
961 420 1129 459 aequare
1161 408 1315 448 videtur

266 470 444 521 Pontus,
477 474 515 507 et
546 468 724 507 inductas
756 469 962 519 aspergine
993 472 1154 518 tangere
1187 467 1336 519 nubes3

269 528 336 578 [Et
367 527 481 566 modo
501 559 512 579 ,
545 539 634 566 cum
666 526 789 565 fulvas
822 538 869 565 ex
900 528 978 564 imo
1011 527 1134 565 verrit
1165 538 1327 579 arenas,

179 595 245 627 500
268 586 459 625 Concolor
492 591 552 625 est
583 585 659 624 illis
678 617 689 638 ,
723 585 854 637 Stygia
887 584 1001 624 modo
1034 586 1184 636 nigrior
1215 585 1319 624 unda
1334 584 1361 635 z]

266 645 466 684 Sternitur
497 645 695 683 interdum
715 676 726 697 ‚
758 645 985 696 spumisque
1019 643 1251 683 sonantibus
1284 644 1408 684 albet.

266 704 353 755 Ipsa
385 716 542 755 quoque
575 703 635 742 his
668 705 795 754 agitur
826 703 978 742 vicibus
1009 702 1217 741 Trachinia
1249 704 1415 755 puppis:

264 762 314 801 Et
345 775 450 802 nunc
483 762 660 801 sublimis
692 762 812 800 veluti
844 761 891 802 de
923 762 1069 800 vertice
1102 762 1246 800 montis

265 821 476 873 Despicere
509 822 548 860 in
580 820 697 859 valles
729 822 930 871 imumque
963 817 1184 859 Acheron-t‘a
1215 819 1394 860 videtur:

178 888 243 920 505
265 880 407 933 Nunc,
438 879 507 919 ubi
539 879 749 918 demissam
781 891 944 918 curvum
977 880 1238 918 circumstetit
1270 891 1439 930 aequor,

266 939 477 990 Suspicere
509 939 663 977 inferno
697 950 894 977 summum
926 937 974 976 de
1006 939 1160 989 gurgite
1193 937 1366 977 caelum.

267 997 391 1049 Saepe
423 997 488 1036 dat
519 999 717 1048 ingentem
749 997 872 1036 fluctu
904 996 1006 1035 latus
1037 998 1114 1035 icta
1145 996 1364 1048 fragorem,

265 1056 346 1095 Nec
377 1056 500 1095 levius
532 1056 684 1107 pulsata
717 1062 857 1107 sonat,
890 1067 1005 1106 quam
1038 1055 1192 1094 ferreus
1224 1054 1317 1094 olim

267 1114 364 1153 Cum
396 1115 543 1153 laceras
576 1116 678 1153 aries
710 1114 910 1153 ballistave
943 1115 1120 1153 concutit
1152 1126 1286 1152 arces.

177 1181 245 1213 510
267 1173 414 1224 [thue
448 1173 576 1212 solent
607 1175 774 1224 sumptis
806 1174 969 1211 incursu
1000 1172 1150 1211 viribus
1181 1174 1239 1211 ire

265 1232 433 1271 Pectore
466 1233 505 1270 in
539 1243 645 1270 arma
677 1232 751 1270 feri
782 1237 1042 1282 protentaque
1075 1231 1152 1270 tela
1183 1230 1340 1271 leones:

267 1290 332 1329 Sic
364 1290 431 1329 ubi
464 1303 505 1329 se
538 1292 664 1330 ventis
697 1290 906 1329 admiserat
936 1289 1041 1329 unda
1073 1291 1244 1343 coortis,

266 1349 350 1388 Ibat
380 1351 421 1388 in
454 1361 560 1388 arma
592 1350 686 1388 ratis
705 1381 717 1402 ‚
748 1349 952 1400 multoque
985 1354 1069 1388 erat
1100 1349 1213 1387 altior
1244 1347 1363 1398 illis]

265 1408 424 1459 Iamque
456 1407 587 1446 labant
619 1409 764 1461 cunei,
797 1408 1038 1459 spoliataque
1070 1410 1241 1459 tegmine
1274 1418 1388 1446 cerae

179 1474 244 1505 515
266 1463 377 1506 Rima
409 1472 545 1519 patet,
575 1466 817 1518 praebetque
850 1469 950 1505 viam
982 1466 1163 1505 letalibus
1194 1466 1334 1505 undis.

265 1525 368 1564 Ecce
401 1525 546 1564 cadunt
578 1524 674 1577 largi
706 1525 890 1564 resolutis
923 1524 1094 1564 nubibus
1126 1524 1297 1577 imbres,

267 1583 407 1635 [Inque
440 1584 585 1622 fretum
618 1584 755 1623 credas
787 1590 914 1622 totum
946 1583 1186 1624 descendere
1219 1583 1394 1636 caelum,

264 1642 388 1694 Inque
420 1642 551 1694 plagas
585 1642 681 1681 caeli
714 1643 970 1682 tumefactum
1002 1642 1215 1681 ascendere
1247 1648 1434 1694 pontum.

265 1700 356 1740 Vela
388 1701 547 1740 madent
578 1701 721 1740 nimbis
741 1733 751 1753 ‚
782 1707 823 1740 et
854 1713 945 1741 cum
977 1701 1212 1740 caelestibus
1243 1699 1378 1751 undis]

178 1768 245 1799 520
265 1759 493 1811 Aequoreae
525 1761 743 1799 miscentur
776 1772 927 1811 aquae.
967 1766 1076 1799 caret
1106 1759 1263 1811 ignibus
1295 1759 1453 1811 aether,

266 1818 467 1869 Caecaque
500 1831 576 1857 nox
607 1820 802 1870 premitur
834 1818 1259 1869 tenebrisffiiemisque
1292 1819 1475 1869 suisque.

264 1877 490 1916 Discutiunt
520 1883 651 1916 tamen
683 1878 753 1916 has
784 1877 1053 1928 praebentque
1077 1879 1269 1924 ‚micantia
1299 1876 1432 1916 lumen

264 1935 473 1975 Fulmina:
504 1936 703 1975 fulmineis
736 1935 948 1975 ardescunt
978 1935 1135 1987 ignibus
1168 1935 1318 1975 undae.

265 1993 337 2032 Dat
369 2006 525 2046 quoque
558 1996 635 2033 iam
667 1995 788 2034 saltus
819 1996 923 2033 intra
954 2006 1048 2033 cava
1078 2000 1185 2033 texta
1216 1995 1371 2033 carinae

179 2059 244 2090 525
265 2051 457 2092 Fluctus:
488 2059 528 2092 et
558 2060 602 2092 ut
634 2053 745 2092 miles
764 2085 775 2105 ,
806 2065 972 2092 numero
1004 2054 1269 2104 praestantior
1301 2054 1430 2104 omni,

266 2109 364 2148 Cum
396 2123 511 2162 saepe
545 2111 703 2151 adsiluit
734 2111 918 2150 defensae
950 2111 1157 2150 moenibus
1189 2111 1324 2164 urbis,

267 2168 343 2219 Spe
375 2171 526 2220 potitur
557 2170 716 2209 tandem
734 2202 745 2222 ‚
777 2170 983 2221 laudisque
1011 2182 1206 2220 accensus
1238 2181 1370 2208 amore

264 2226 373 2265 Inter
405 2227 509 2266 mille
541 2230 647 2267 viros
679 2241 839 2268 murum
870 2235 1001 2268 tamen
1033 2234 1200 2281 occupat
1230 2240 1358 2268 unus:

268 2283 332 2323 Sic
364 2284 432 2323 ubi
464 2285 672 2336 pulsarunt
703 2289 866 2326 noviens
897 2287 1021 2326 latera
1051 2287 1173 2327 ardua
1202 2287 1371 2339 fluctus,

178 2351 244 2382 530
265 2342 420 2382 vastius
453 2345 664 2395 insurgens
696 2345 871 2385 decimae
902 2347 985 2385 ruit
1015 2347 1186 2399 impetus
1217 2345 1369 2399 undae,
