1518 2501
71 61 123 103 16
269 72 407 95 nunus
416 87 423 95 .
450 71 485 93 10
621 54 834 91 METAMM
848 81 856 89 .

184 169 308 209 Mollia
341 170 551 220 cinguntur
582 167 690 205 tenui
721 163 949 216 praecordia
979 163 1105 217 libro,
1282 173 1313 198 ι,
1333 172 1404 200 vffl.

93 229 222 269 5501n
255 227 431 267 frondem
464 227 621 276 crines,
652 225 692 262 in
724 234 853 261 ramos
885 221 1066 261 bracchia
1099 229 1307 263 crescunt:

184 287 258 326 Pes
290 285 404 324 modo
436 289 514 323 tam
545 282 655 321 velox
681 282 802 333 pigris
834 280 1032 320 radicibus
1064 280 1223 335 haeret,

187 345 263 384 Ora
296 355 480 383 cacumen
513 341 623 380 obit.
663 345 839 379 remanet
869 340 974 378 nitor
1005 351 1109 378 unus
1141 341 1181 378 in
1213 339 1299 379 illa.

186 403 294 442 Hanc
315 413 470 453 quoque
491 399 673 439 Phoebus
693 404 818 451 amat,
837 399 1042 450 positaque
1063 399 1103 436 in
1124 400 1255 450 stipite
1271 398 1406 439 dextra

188 461 314 500 Sentit
345 460 470 498 adhuc
502 457 698 510 trepidare
729 469 828 496 novo
861 456 934 496 sub
967 458 1114 495 cortice
1145 463 1308 510 pectus,

100 527 165 559 555
188 519 498 571 Complexusque
531 519 612 556 suis
644 528 803 568 ramos,
835 521 880 554 ut
910 514 1113 568 membra,
1144 514 1302 555 lacertis

188 577 329 617 Oscula
361 576 426 615 dat
456 576 584 627 ligno:
617 575 762 626 refugit
792 580 923 613 tamen
955 573 1088 613 oscula
1119 573 1290 625 lignum.

188 636 259 675 Cui
291 635 386 674 deus
419 632 473 673 ‘at
505 635 688 685 quoniam
720 634 890 672 coniunx
921 644 1007 672 mea
1044 644 1123 671 non
1159 638 1273 684 potes
1299 645 1409 686 esse,

187 694 312 733 Arbor
344 695 422 732 eris
455 689 577 732 certe'
610 692 708 731 dixit
739 689 867 730 ‘mea.
906 703 1061 742 semper
1093 690 1294 731 habebunt

187 753 241 791 Te
269 764 379 791 coma
397 784 408 804 ‚
439 757 476 791 te
498 751 668 790 citharae
688 782 699 804 ,
731 755 768 789 te
789 754 946 788 nostrae
966 781 977 801 ‚
1008 749 1117 788 laure
1136 781 1147 802 ‚
1178 749 1409 801 pharetrae.

103 819 169 852 560
189 811 249 851 Tu
282 810 447 850 ducibus
480 810 599 849 Latiis
631 809 788 861 aderis,
821 820 911 848 cum
942 808 1042 847 laeta
1074 807 1335 860 Triumphum

189 869 270 908 Vox
302 875 416 908 canet
448 875 487 908 et
518 870 644 907 visent
674 868 808 919 longas
842 866 1029 919 Capitolia
1059 878 1245 918 pompas.

188 928 372 967 Postibus
404 928 590 979 Augustis
623 926 758 965 eadem
789 925 975 964 fidissima
1008 930 1140 964 custos

189 988 287 1026 Ante
315 987 418 1025 fores
451 985 572 1025 stabis
591 1016 602 1038 ‚
633 985 878 1036 mediamque
910 983 1074 1023 tuebere
1108 995 1322 1035 quercum.

189 1045 317 1096 thue
343 1057 474 1083 meum
505 1045 672 1083 intonsis
705 1048 821 1094 caput
852 1047 913 1082 est
942 1042 1120 1082 iuvenale
1153 1043 1324 1096 capillis,

104 1112 170 1143 565
191 1104 250 1143 Tu
284 1115 440 1154 quoque
471 1108 685 1154 perpetuos
717 1113 873 1152 semper
905 1112 997 1152 gere
1024 1100 1175 1140 frondis
1201 1101 1373 1141 honores
1388 1099 1411 1140 .’

189 1162 362 1201 Finierat
392 1161 548 1200 Paean.
587 1161 699 1199 factis
731 1159 846 1198 modo
877 1159 1010 1198 laurea
1040 1161 1160 1198 ramis

189 1221 363 1272 Adnuit,
388 1225 509 1271 utque
543 1225 660 1270 caput
691 1220 770 1257 visa
804 1223 864 1257 est
895 1220 1062 1269 agitasse
1094 1230 1305 1258 cacumen.

249 1278 320 1318 Est
331 1291 469 1317 nemus
478 1278 711 1317 Haemoniae
722 1309 732 1330 ‚
743 1282 953 1328 praerupta
966 1276 1070 1328 quod
1082 1277 1256 1329 undique
1269 1277 1414 1317 claudit

192 1337 293 1376 Silva
313 1369 324 1390 ,
355 1342 493 1376 vocant
524 1337 699 1388 Tempe.
736 1348 808 1387 per
840 1347 938 1386 quae
969 1335 1125 1375 Peneus
1158 1336 1204 1375 ab
1236 1336 1365 1375 ἰᾶτ’

107 1405 176 1436 570
197 1395 354 1435 Effusus
385 1395 509 1434 Pindo
542 1396 738 1447 spumosis
770 1394 937 1433 volvitur
968 1394 1085 1433 undis

192 1455 433 1505 Deiectuque
466 1456 572 1505 gravi
603 1459 743 1492 tenues
775 1454 958 1504 agitantia
990 1453 1118 1492 fumos

191 1513 330 1552 Nubila
364 1513 576 1564 conducit,
608 1513 850 1562 summisque
883 1513 1088 1563 aspergine
1121 1511 1226 1551 silvis

193 1571 339 1623 Inpluit
371 1577 410 1610 et
436 1573 566 1610 sonitu
598 1571 687 1622 plus
720 1582 835 1622 quam
866 1572 991 1609 vicina
1023 1571 1179 1622 fatigat.

192 1630 296 1669 Haec
329 1630 467 1669 domus
486 1662 497 1682 ‚
529 1630 625 1668 haec
645 1629 758 1668 sedes
778 1660 788 1681 ,
819 1629 915 1667 haec
941 1635 1034 1668 sunt
1052 1629 1268 1681 penetralia
1287 1632 1416 1681 magni

106 1696 172 1728 575
193 1689 327 1727 Amnis
348 1720 356 1728 .
396 1690 435 1727 in
467 1689 557 1741 his,
589 1687 767 1727 residens
801 1688 902 1726 facto
935 1687 982 1726 de
1016 1688 1196 1727 cautibus
1228 1693 1364 1740 antro,

193 1747 315 1786 Undis
347 1748 432 1786 iura
465 1746 580 1786 dabat
611 1746 870 1798 nymphisque
902 1746 1123 1786 colentibus
1154 1747 1302 1788 undas.

196 1806 441 1844 Conveniunt
471 1805 563 1844 illuc
595 1805 796 1857 popularia
827 1804 986 1844 flumina
1017 1807 1212 1859 primum,

195 1864 362 1917 Nescia,
394 1869 597 1916 gratentur
630 1863 935 1903 consolenturne
966 1870 1194 1923 paregitem,

196 1922 396 1973 Populifer
429 1923 639 1974 Sperchios
671 1928 711 1961 et
741 1923 988 1973 inrequietus
1020 1922 1196 1974 Enipeus

109 1990 176 2020 580
197 1981 472 2032 Apidanusque
505 1993 625 2020 senex
657 1981 835 2032 lenisque
867 1981 1106 2033 Amphrysos
1139 1988 1178 2021 et
1208 1982 1332 2036 Aeas,

196 2039 363 2090 Moxque
395 2052 527 2079 amnes
560 2040 652 2092 alii,
685 2041 751 2091 qui
784 2051 858 2091 qua
890 2039 980 2079 tulit
1010 2041 1181 2093 impetus
1213 2041 1323 2095 illos,

197 2097 241 2136 In
273 2110 379 2136 mare
412 2098 611 2137 deducunt
642 2099 764 2137 fessas
797 2098 1000 2138 erroribus
1030 2099 1178 2138 undas.

199 2155 365 2195 Inachus
384 2188 395 2208 ‚
426 2169 528 2195 unus
548 2188 558 2208 ,
590 2157 700 2196 abest
730 2159 887 2208 imoque
919 2158 1147 2197 reconditus
1178 2164 1290 2198 antro

199 2214 373 2254 Fletibus
406 2222 521 2266 auget
552 2227 670 2266 aquas
696 2248 706 2268 ‚
738 2222 946 2267 natamque
978 2218 1224 2257 miserrimus
1256 2217 1296 2257 Io

113 2281 179 2312 585
202 2272 328 2325 Luget
358 2280 402 2312 ut
434 2275 642 2313 amissam.
681 2276 807 2314 nescit
831 2306 841 2328 ,
872 2277 1001 2314 vitane
1032 2276 1210 2329 fruatur,

1305 1502 1333 1529 ὁ
