1527 2580
539 108 571 143 ll
589 134 598 151 ,
623 108 813 152 avt-111,
842 112 885 144 67
903 136 910 143 .
1061 123 1196 146 omncs
1339 111 1393 152 47

172 216 369 257 Uberibus
401 216 592 256 secundus
624 219 764 270 aquis,
796 218 862 258 ubi
895 217 1075 258 conditus
1108 226 1219 259 antro

174 275 335 315 Martius
367 277 503 326 anguis
536 282 647 328 erat,
680 279 810 316 cristis
843 279 1058 329 praesignis
1092 285 1130 317 et
1161 291 1280 318 auro:

175 334 266 386 Igne
298 335 443 374 micant
474 333 606 386 oculi;
640 346 782 387 corpus
816 342 940 375 tumet
971 348 1084 375 omne
1116 349 1290 389 venen03

175 392 351 444 Tresque
372 391 525 431 vibrant
556 392 737 445 linguae;
771 395 915 446 triplici
943 400 1048 434 stant
1067 395 1203 434 ordine
1235 397 1393 436 (lentes.

109 459 153 491 35
175 451 300 498 Quem
331 456 537 503 postquam
569 451 684 502 Tyria
716 452 846 492 lucum
879 453 927 492 ‹le
959 460 1073 505 gente
1106 455 1272 506 profecti

174 509 348 549 infausto
382 511 545 561 tetigere
578 510 726 562 gradu,
759 511 1003 563 demissaque
1036 514 1075 551 in
1108 513 1232 551 undas

174 567 279 608 Urna
311 568 418 607 dedit
449 570 651 620 sonitum,
684 568 797 621 longo
831 577 947 622 caput
979 570 1118 610 extulit
1149 577 1260 610 antro

175 626 386 666 Caeruleus
419 638 582 678 serpens
615 627 887 680 horrendaque
921 628 1031 668 sibila
1064 631 1189 668 misit.

175 684 373 725 Effluxere
406 697 527 724 urnae
561 686 768 739 manibus,
801 689 1037 739 sanguisque
1070 688 1257 739 relinquit

110 751 154 783 4ο
174 743 326 796 Corpus
345 776 356 796 ‚
387 750 427 783 et
458 746 643 783 attonitos
674 745 828 785 subitus
861 752 1009 785 tremor
1041 753 1206 798 occupat
1238 753 1370 787 artus.

175 801 242 842 llle
274 802 509 842 volubilibus
541 815 770 854 squamosos
802 804 967 843 nexibus
999 804 1115 844 orbes

173 860 378 912 Torquet,
410 867 449 900 et
481 863 679 901 inmensos
712 862 811 901 saltu
845 864 1023 902 sinuatur
1056 865 1094 902 in
1127 875 1266 915 arcus,

173 920 227 959 Ac
258 919 383 959 media
415 919 503 971 plus
534 926 643 971 parte
677 920 780 959 leves
813 927 968 960 erectus
1000 923 1039 960 in
1072 933 1185 960 auras

174 977 346 1030 Despicit
371 989 486 1016 omne
519 990 656 1017 nemus
675 1010 686 1030 ‚
720 985 904 1030 tantoque
937 985 998 1018 est
1029 991 1219 1032 corpore,
1251 986 1396 1031 quanto

109 1044 153 1075 45
176 1036 217 1076 Si
250 1042 376 1076 totum
408 1042 563 1088 spectes
583 1068 594 1089 ‚
628 1039 800 1088 geminas
833 1039 900 1089 qui
933 1044 1087 1089 separat
1118 1038 1279 1077 Arctos.

174 1094 256 1135 Nec
288 1107 397 1134 mora
417 1127 428 1147 ‚
459 1094 674 1134 Phoenicas
693 1128 704 1148 ,
735 1098 816 1135 sive
849 1096 902 1134 illi
935 1096 1009 1135 tela
1042 1096 1251 1149 parabant,

175 1152 263 1193 Sive
297 1153 426 1204 sugam
446 1184 458 1205 ,
489 1155 569 1192 sive
603 1155 686 1204 ipse
720 1155 835 1193 timor
866 1154 1100 1206 prohibebat
1132 1161 1368 1208 utrumque,

177 1211 382 1264 Occupat.
421 1211 492 1250 hos
524 1224 687 1264 morsu,
721 1212 845 1263 longis
878 1212 1120 1264 amplexibus
1152 1213 1262 1266 illos,

175 1269 256 1309 Hos
289 1275 403 1309 necat
435 1269 554 1309 afflati
587 1271 739 1309 funesta
775 1270 860 1309 tabe
893 1273 1056 1310 veneni.

110 1336 155 1369 50
174 1328 339 1368 Fecerat
371 1330 529 1380 exiguas
561 1330 637 1368 iam
669 1329 727 1368 sol
759 1329 971 1368 altissimus
1004 1329 1185 1369 umbras:

174 1387 282 1433 Quae
314 1399 421 1426 mora
453 1388 504 1426 sit
534 1389 680 1439 sociis,
713 1389 876 1426 miratur
908 1388 1085 1439 Agenore
1118 1394 1256 1440 natus,

174 1444 424 1497 Vestigatque
457 1447 589 1484 viros.
629 1452 812 1497 tegumen
845 1446 995 1498 direpta
1027 1446 1150 1485 leonis

174 1503 292 1544 Pellis
324 1509 438 1556 erat,
471 1503 591 1543 telum
622 1503 843 1556 splendenti
875 1504 1007 1544 lancea
1041 1505 1144 1544 ferro

173 1561 224 1602 Et
254 1562 454 1615 iaculum,
487 1563 641 1614 teloque
673 1564 826 1602 animus
857 1565 1119 1615 praestantior
1151 1565 1278 1603 omni.

109 1628 154 1661 55
173 1620 225 1660 Ut
257 1633 394 1661 nemus
426 1622 585 1661 intravit
614 1621 810 1673 letataque
843 1633 1007 1674 corpora
1038 1621 1156 1674 vidit,

174 1679 449 1731 victoremque
481 1691 600 1732 supra
632 1681 793 1731 spatiosi
825 1681 1002 1732 corporis
1034 1679 1186 1719 hostem

174 1737 320 1778 Tristia
352 1740 564 1790 sanguinea
596 1738 831 1778 lambentem
862 1738 1023 1777 vulnera
1056 1738 1209 1789 lingua,

175 1793 267 1836 ‘Aut
296 1796 402 1836 ultor
433 1802 584 1836 vestrae
603 1828 614 1849 ,
647 1796 831 1836 fidissima
863 1808 1026 1848 corpora
1046 1827 1057 1849 ,
1090 1799 1250 1848 mortis,

174 1855 252 1895 Aut
282 1851 429 1894 comes'
468 1856 595 1906 inquit
627 1852 709 1894 ‘ero
731 1851 755 1894 .’
794 1855 919 1907 dixit,
957 1855 1172 1905 dextraque
1212 1853 1396 1894 molarem

112 1921 158 1954 60
181 1913 352 1953 Sustulit
382 1919 422 1953 et
454 1925 636 1964 magnum
668 1925 806 1965 magno
841 1915 1042 1952 conamine
1075 1914 1202 1952 misit.

175 1971 284 2011 illius
315 1971 486 2024 impulsu
519 1984 609 2011 cum
643 1971 818 2011 turribus
850 1971 969 2010 ardua
1001 1970 1115 2010 celsis

174 2029 326 2069 Moenia
358 2036 461 2070 mota
493 2031 650 2070 forent:
682 2041 844 2082 serpens
877 2031 960 2068 siue
993 2029 1152 2069 vulnero
1187 2031 1350 2083 mansit,

178 2087 419 2140 Loricaeque
452 2089 567 2127 modo
599 2090 771 2140 squamis
804 2087 989 2127 defensus
1021 2094 1061 2127 et
1091 2094 1196 2128 atrae

176 2145 326 2186 Duritia
358 2146 469 2198 pellis
502 2146 647 2186 validos
679 2152 768 2186 cute
801 2146 973 2198 reppulit
1004 2147 1128 2186 ictus.

112 2211 156 2245 85
176 2205 225 2244 At
255 2216 333 2244 non
366 2205 509 2245 duritia
540 2204 710 2244 iaculum
744 2216 899 2257 quoque
931 2206 1024 2244 vicit
1055 2205 1214 2257 eadem,

177 2263 292 2309 Quod
326 2263 453 2303 medio
486 2262 613 2302 lentae
645 2264 779 2315 spinae
811 2265 1034 2303 curvamine
1068 2264 1186 2302 fixum

177 2320 390 2372 Constitit,
421 2328 460 2361 et
491 2327 616 2362 totum
648 2321 850 2362 descendit
880 2323 920 2361 in
952 2321 1014 2361 ilia
1050 2321 1220 2361 ferrum.
