1554 2506
148 51 229 94 186
397 65 518 87 Βγβωε
695 51 908 86 METAMM
924 79 929 86 .

262 162 339 202 Vos
371 164 517 215 etiam,
550 173 706 212 quoque
738 160 812 200 hoc
844 162 971 200 animo
1004 161 1164 201 meliore
1196 161 1355 214 seratis,

261 221 320 260 Me
354 233 510 272 quoque
543 221 618 258 sata
649 225 821 271 regunt.
861 232 958 271 quae
990 221 1024 259 si
1055 225 1207 259 mutare
1239 220 1430 273 valerem,

173 288 240 320 435
261 280 342 319 Nec
362 285 540 318 nostrum
572 279 649 317 scri
683 284 891 318 curvarent
921 280 1073 318 Aeacon
1106 280 1220 332 anni,

261 339 581 390 Perpetuumque
615 338 697 376 aevi
728 337 865 377 ssorem
896 337 1215 377 Rhadamanthus
1246 337 1409 377 haberet

263 397 361 437 Cum
393 396 520 435 Minoe
554 408 640 435 meo
661 427 672 448 ‚
705 397 772 448 qui
802 402 965 448 propter
997 408 1126 435 amara
1157 401 1339 436 senectae

251 450 440 553 'gondera
473 455 716 507 despicitur,
748 467 821 494 nec
854 468 930 507 quo
961 457 1072 507 prius
1103 455 1240 494 ordine
1272 460 1410 507 regnat
1424 451 1447 494 .'

298 516 373 553 icta
404 513 504 553 Iovis
536 526 694 553 movere
727 514 850 566 deos;
883 526 955 553 nec
988 515 1158 554 sustinet
1188 513 1315 567 ullus,

174 581 241 612 440
263 572 360 612 Cum
391 572 519 612 videat
550 573 675 612 sessos
707 572 1028 612 Rhadamanthon
1061 579 1100 613 et
1130 573 1284 612 Aeacon
1316 573 1428 611 annis

261 631 309 671 Et
342 631 499 685 Minoa,
533 633 673 682 queri.
712 633 780 683 qui
798 664 808 684 ‚
841 632 933 671 dum
966 632 1040 671 suit
1069 633 1222 683 integer
1254 633 1362 684 aevi,

262 691 478 729 Terruerat
508 702 666 742 magnas
698 692 782 742 ipso
816 702 973 742 quoque
1005 692 1163 730 nomine
1194 695 1358 744 gentes,

262 749 373 788 Tunc
405 754 490 788 erat
519 749 711 789 invalidus
729 781 740 801 ,
772 749 1068 800 Deionidenque
1099 750 1280 789 iuventae

263 808 420 847 Robore
451 807 628 848 Miletum
658 807 897 860 Phoeboque
929 813 1092 859 parente
1124 807 1341 859 superbum

175 875 242 906 445
263 867 502 920 Pertimuit,
534 868 779 918 credensque
811 869 893 906 suis
925 868 1130 919 insurgere
1163 868 1319 919 regnis,

262 925 373 965 Haud
405 931 536 965 tamen
568 932 628 965 est
659 927 794 977 patriis
827 938 962 966 arcere
994 925 1201 977 penatibus
1233 936 1375 964 ausus.

265 985 413 1036 Sponte
445 986 548 1037 sugis
566 1017 577 1037 ,
608 985 739 1024 Milete
758 1016 769 1038 ‚
801 991 866 1024 tua
885 1017 895 1037 ,
929 984 1126 1036 celerique
1159 985 1290 1024 carina

263 1044 434 1095 Aegaeas
465 1045 617 1083 metiris
649 1056 768 1096 aquas
786 1076 797 1096 ‚
831 1049 870 1083 et
899 1045 941 1082 in
971 1044 1086 1083 Aside
1118 1049 1224 1082 terra

263 1102 417 1141 Moenia
447 1104 655 1141 constituis
685 1103 871 1154 positoris
903 1101 1085 1142 habentia
1116 1114 1282 1142 nomen.

174 1168 243 1201 450
263 1160 336 1200 Hic
368 1160 440 1200 tibi
458 1192 470 1214 ,
501 1161 593 1200 dum
626 1163 807 1212 sequitur
837 1162 988 1212 patriae
1021 1163 1246 1201 curvamina
1276 1162 1408 1213 ripae,

264 1220 360 1259 Filia
391 1218 590 1259 Maeandri
621 1222 765 1260 totiens
796 1219 999 1259 redeuntis
1032 1220 1170 1259 eodem

266 1279 428 1330 Cognita
463 1278 612 1330 Cyanee
631 1310 642 1332 ,
674 1280 889 1330 praestanti
922 1291 1087 1330 corpora
1118 1279 1266 1330 forma,

265 1336 425 1389 Byblida
457 1350 544 1377 cum
578 1337 710 1377 Cauno
729 1370 740 1390 ‚
771 1337 922 1389 prolem
955 1343 1015 1377 est
1046 1339 1158 1377 enixa
1189 1336 1411 1389 gemellam.

264 1396 395 1448 Byblis
426 1397 468 1435 in
501 1396 676 1448 exemplo
710 1402 798 1449 est,
830 1402 875 1436 ut
906 1402 1037 1436 ament
1069 1408 1256 1436 concessa
1285 1395 1461 1447 puellae:

177 1462 245 1494 455
266 1455 397 1506 Byblis
429 1455 620 1506 Apollinei
654 1461 835 1507 correpta
867 1456 1049 1507 cupidine
1081 1456 1213 1494 fratris

265 1514 352 1553 Non
385 1526 498 1553 soror
531 1520 575 1554 ut
605 1515 767 1553 fratrem
786 1546 797 1567 ‚
829 1526 902 1553 nec
934 1526 1010 1565 qua
1042 1513 1236 1567 debehat,
1268 1514 1431 1553 amavit.

264 1573 332 1612 Illa
365 1573 521 1624 quidem
553 1574 679 1625 primo
712 1572 840 1612 nullos
872 1573 1063 1624 intellegit
1092 1574 1227 1625 ignes,

266 1631 347 1671 Nec
378 1644 542 1684 peccare
574 1638 715 1685 putat,
748 1631 851 1683 quod
884 1633 1039 1683 saepius
1072 1631 1202 1671 oscula
1234 1632 1392 1684 iungat,

269 1691 380 1736 Quod
414 1703 483 1730 sua
515 1691 690 1730 fraterno
724 1690 942 1730 circumdet
972 1690 1154 1729 bracchia
1186 1689 1307 1743 001103

179 1757 246 1788 460
267 1749 522 1800 Mendaciqne
555 1750 621 1788 diu
652 1751 809 1801 pietatis
841 1749 987 1788 fallitur
1019 1748 1180 1788 umbra.

267 1808 459 1847 Paulatim
491 1808 660 1847 declinat
691 1820 828 1848 amor:
859 1810 1069 1858 visuraque
1102 1809 1264 1847 fratrem

269 1867 379 1907 Culta
411 1868 545 1919 venit,
578 1868 820 1918 nimiumque
853 1868 961 1918 cupit
992 1868 1162 1917 forffloQ
1193 1866 1340 1906 videri:

268 1925 317 1965 Et
350 1928 461 1977 siqua
493 1931 553 1965 est
584 1926 663 1965 illic
694 1927 903 1965 formosior
924 1957 935 1979 ‚
967 1925 1114 1964 invidet
1145 1925 1222 1965 illi.

271 1984 346 2023 Sed
379 1985 553 2023 nondum
584 1985 790 2024 manifesta
822 1984 895 2023 sibi
928 1989 1017 2035 est,
1048 1983 1278 2036 nullumque
1318 1982 1391 2023 sub
1428 1982 1493 2022 illo

181 2050 248 2083 465
269 2043 362 2094 Igne
394 2043 488 2082 facit
518 2048 682 2083 votum:
712 2049 983 2083 verumtamen
1015 2048 1169 2082 aestuat
1197 2045 1329 2082 intus.

269 2102 349 2140 Iam
381 2101 582 2141 dominum
615 2101 810 2155 appellat,
842 2103 918 2141 iam
955 2103 1113 2141 nomina
1151 2102 1352 2153 sanguinis
1392 2100 1495 2140 odit:

269 2160 429 2212 Byblida
461 2162 536 2199 iam
568 2161 742 2213 mavult,
775 2173 889 2212 quam
923 2173 964 2200 se
996 2166 1109 2200 vocet
1139 2160 1204 2200 ille
1236 2171 1436 2199 sororem.

273 2219 371 2271 Spes
404 2225 532 2258 tamen
567 2218 757 2258 obscenas
791 2221 919 2258 animo
952 2220 1159 2258 demittere
1191 2231 1269 2258 non
1302 2224 1363 2258 est

270 2278 374 2317 Ausa
406 2290 477 2317 suo
510 2277 700 2329 vigilans.
739 2278 887 2330 placida
922 2278 1093 2318 resoluta
1124 2279 1256 2330 quiete
