1518 2501
107 50 161 90 26
315 62 497 83 ΡΗΑεΤιιοΝ
652 46 867 81 ΜΕΤΑΜΜ
881 75 888 81 .

137 167 202 199 135
222 158 302 198 Nec
322 171 455 210 preme
476 190 486 210 ‚
518 170 590 196 nec
615 168 812 195 summum
832 156 969 195 molire
989 169 1060 208 per
1081 157 1238 196 aethera
1259 170 1439 198 cursum.

222 218 346 257 Altius
379 228 561 267 egressus
593 215 773 254 caelestia
805 220 908 254 tecta
940 214 1156 267 cremabis,

221 277 388 315 Inferius
420 282 573 314 terras:
605 273 732 312 medio
764 275 984 312 tutissimus
1016 274 1113 313 ibis.

220 335 305 373 Neu
336 341 374 373 te
405 334 602 371 dexterior
634 337 782 371 tortum
814 332 984 371 declinet
1015 332 1061 371 ad
1093 333 1294 385 Anguem,

221 394 324 432 Neve
357 393 577 431 sinisterior
607 402 784 442 pressam
815 397 899 430 rota
931 390 1049 429 ducat
1079 391 1126 430 ad
1157 392 1297 430 Aram:

136 460 200 491 140
221 453 328 490 Inter
358 457 570 500 utrumque
602 456 692 488 tene
713 481 721 489 .
758 449 954 489 Fortunae
987 456 1118 488 cetera
1149 451 1315 501 mando,

221 511 327 556 Quae
358 511 465 547 iuvet
495 514 535 547 et
565 508 705 547 melius
737 521 853 559 quam
884 514 929 547 tu
960 508 1032 546 tibi
1050 540 1061 561 ‚
1093 508 1272 547 consulat
1303 515 1417 560 opto.

220 569 319 607 Dum
350 567 520 620 loquor,
552 567 742 618 Hesperio
774 568 922 619 positas
953 569 994 605 in
1026 567 1140 606 litore
1171 572 1296 606 metas

220 626 356 666 Umida
389 638 466 664 nox
498 627 654 676 tetigit.
693 638 771 664 non
804 631 864 665 est
894 637 1003 664 mora
1034 625 1157 664 libera
1189 625 1325 678 nobis3

218 686 454 724 Poscimur:
486 684 646 734 effulget
677 684 852 723 tenebris
884 696 1025 722 aurora
1057 685 1222 735 fugatis.

134 753 199 784 145
221 744 382 794 Corripe
414 743 496 782 lora
527 742 674 782 manu!
707 764 762 770 -—
793 742 854 780 vel
910 744 943 781 si
974 742 1161 781 mutabile
1191 748 1331 794 pectus

219 803 290 841 Est
319 802 391 841 tibi
408 833 420 854 ‚
452 801 625 841 consiliiS
644 833 655 853 ,
686 813 765 840 non
797 773 980 867 clirl={.buS
1012 806 1125 840 utere
1157 802 1327 853 nostris,

220 862 320 900 Dum
351 866 464 912 potes
482 893 493 912 ,
526 866 566 899 et
596 860 730 898 solidis
763 861 987 898 etiamnunc
1020 859 1180 898 sedibus
1211 865 1338 912 astas,

219 920 398 970 Dumque
430 919 529 957 male
561 924 715 970 optatos
746 919 920 957 nondum
957 920 1105 969 premis
1142 920 1292 957 inscius
1330 930 1442 957 axes.

220 978 327 1024 Quae
359 983 468 1016 tutus
500 982 654 1028 spectes
673 1009 684 1029 ‚
716 978 799 1015 sine
831 989 894 1016 me
926 977 1018 1015 dare
1049 977 1196 1016 lumina
1228 978 1346 1015 terris
1360 974 1385 1016 1'

134 1046 200 1076 150
221 1037 396 1087 Occupat
426 1036 490 1074 ille
522 1036 646 1074 levem
678 1035 846 1074 iuvenali
878 1047 1043 1086 corpore
1076 1047 1261 1088 currum,

219 1095 381 1145 Statque
414 1107 563 1146 super,
594 1093 852 1144 manibusque
885 1094 993 1132 datas
1026 1095 1254 1145 contingere
1274 1093 1444 1133 habenas

220 1154 400 1206 Gaudet,
432 1159 472 1191 et
503 1154 623 1191 invito
656 1158 786 1203 grates
818 1153 897 1203 agit
927 1152 1018 1191 inde
1049 1154 1226 1204 parenti.

217 1212 373 1250 Interea
402 1211 582 1249 volucres
614 1211 752 1262 Pyrois
784 1217 824 1249 et
854 1210 961 1249 Eous
993 1216 1034 1249 et
1063 1211 1239 1263 Aethon,

220 1270 321 1309 Solis
353 1272 474 1321 equi,
506 1275 749 1320 quartusque
780 1269 954 1320 Phlegon
986 1269 1204 1308 hinnitibus
1236 1282 1350 1308 auras

134 1337 199 1368 155
219 1329 478 1367 Flammiferis
510 1328 673 1379 implent
703 1327 948 1379 pedibusque
979 1328 1165 1379 repagula
1195 1328 1375 1379 pulsant.

220 1388 327 1433 Quae
359 1393 566 1438 postquam
592 1386 767 1438 Tethys,
798 1387 968 1425 fatorum
999 1388 1135 1437 ignara
1166 1388 1345 1440 nepotis5¹

219 1446 433 1498 Reppulit,
464 1451 505 1484 et
535 1446 635 1484 facta
667 1451 727 1483 est
757 1446 926 1483 inmensi
957 1447 1069 1496 copia
1100 1445 1260 1498 mundi,

221 1504 458 1555 Corripuere
483 1505 583 1542 viam
614 1503 859 1555 pedibusque
892 1516 964 1555 per
996 1507 1085 1542 aera
1116 1505 1233 1543 motis

220 1563 430 1602 Obstantes
462 1562 648 1601 scindunt
678 1562 840 1600 nebulas
871 1564 1091 1613 pennisque
1122 1562 1238 1601 levati

134 1630 201 1661 160
220 1622 481 1660 Praetereunt
511 1627 619 1659 ortos
651 1621 775 1659 isdem
808 1621 855 1659 de
887 1621 1066 1672 partibus
1098 1620 1248 1660 Euros.

222 1680 298 1719 Sed
330 1680 414 1719 leve
445 1679 599 1731 pondus
632 1685 745 1731 erat,
776 1691 850 1718 nec
882 1679 986 1730 quod
1018 1692 1256 1731 cognoscere
1283 1688 1443 1732 possent

221 1738 321 1777 Solis
353 1740 445 1789 equi
462 1769 474 1791 ‚
506 1738 697 1788 solitaque
730 1740 864 1789 iugum
896 1740 1084 1789 gravitate
1117 1738 1296 1778 carebat.

219 1797 348 1848 thue
379 1797 511 1836 labant
542 1808 683 1835 curvae
714 1798 818 1835 iusto
852 1798 936 1835 sine
967 1797 1141 1848 pondere
1173 1809 1291 1836 naves

219 1855 374 1906 Perque
406 1868 512 1894 mare
543 1854 745 1894 instabiles
776 1857 895 1894 nimia
925 1855 1089 1908 levitate
1113 1856 1321 1909 feruntur,

136 1921 201 1952 165
222 1913 286 1952 Sic
319 1926 438 1953 onere
470 1919 626 1953 assueto
658 1926 804 1953 vacuus
836 1914 903 1953 dat
932 1915 973 1953 in
1005 1918 1095 1953 aera
1127 1915 1249 1953 saltus

223 1971 530 2023 Succutiturque
562 1972 638 2011 alte
670 1972 886 2023 similisque
918 1979 980 2011 est
1010 1985 1154 2012 currus
1185 1974 1314 2012 inani.

223 2030 334 2075 Quod
367 2031 528 2070 simulac
560 2043 720 2070 sensere
739 2062 751 2083 ‚
782 2036 905 2070 ruunt
936 2033 1153 2083 tritumque
1185 2032 1415 2083 relinquunt

222 2088 451 2140 Quadriiugi
483 2091 651 2140 spatium
683 2102 756 2128 nec
795 2102 872 2141 quo
911 2091 1052 2142 prius,
1083 2090 1221 2129 ordine
1253 2097 1442 2130 currunt.

221 2146 307 2197 Ipse
340 2153 454 2198 pavet
478 2178 486 2187 .
525 2160 598 2186 nec
630 2160 706 2199 qua
738 2150 967 2188 commissas
997 2149 1130 2188 flectat
1160 2148 1356 2203 habenas,

135 2213 201 2244 170
220 2204 301 2244 Nec
333 2207 407 2244 seit
424 2237 435 2257 ‚
467 2218 542 2256 qua
573 2208 625 2244 sit
655 2208 759 2258 iter3
791 2220 864 2246 nec
883 2239 894 2260 ‚
926 2209 959 2247 si
991 2209 1116 2259 sciat,
1146 2209 1315 2259 imperet
1342 2207 1442 2248 illis.

220 2263 320 2302 Turn
350 2266 521 2315 primum
552 2264 670 2303 radiis
701 2265 819 2316 gelidi
850 2265 1008 2305 caluere
1037 2266 1202 2305 Triones
