1538 2496
109 110 134 150 2
141 108 192 150 12
323 120 538 144 fflPPOMENES
659 105 726 140 ME
733 104 874 140 TAMM
887 130 898 141 .

139 227 207 259 580
228 219 456 270 Obstipuit,
488 217 707 266 tollensque
740 227 878 254 manus
911 211 1149 265 “‘ignoscite
1167 211 1195 267 ‚'
1227 214 1325 254 dixit

228 275 350 324 ‘Quos
383 276 496 315 modo
530 274 709 326 culpavi.
749 273 923 312 nondum
954 272 1049 312 mihi
1079 274 1253 324 praemia
1284 278 1400 326 nota,

228 336 336 381 Quae
367 335 580 386 peteretis,
613 338 726 371 erant
746 328 802 370 .'”
834 331 1026 371 laudando
1059 332 1231 383 concipit
1260 332 1395 384 ignes,

227 395 306 446 Et,
337 406 386 432 ne
419 394 507 443 quis
538 393 724 431 iuvenum
757 397 891 430 culrat
920 390 1123 442 velocius,
1154 395 1264 442 optat
1528 427 1538 435 „

227 452 451 502 invidiaque
482 452 625 490 timet.
665 446 801 500 [²“sed
834 461 905 488 cur
937 449 1163 488 certaminis
1193 449 1312 488 huius
1526 440 1538 549 ⁴

140 519 208 551 585
228 511 462 562 Intemptata
493 509 588 548 mihi
620 509 776 548 fortuna
808 507 1045 559 relinquitur
1063 504 1100 546 ‘?'
1132 508 1261 559 inquit
1531 551 1534 555 ¹

228 567 442 608 ‘Audentes
475 569 572 607 deus
603 569 688 620 ipse
719 569 825 606 iuvat
844 563 901 606 .”'
940 566 1034 606 dum
1065 565 1155 606 talia
1186 577 1323 606 secum
1527 556 1538 672 ἰ

226 628 358 679 Exigit
387 627 683 679 Hippomenes,
715 637 832 677 passu
863 624 966 664 volat
997 625 1086 664 alite
1118 627 1252 676 virgo

228 687 336 732 Quae
369 698 604 753 quamquam
637 684 818 736 Scythica
849 696 928 722 non
960 685 1090 723 secius
1120 685 1178 722 ire
1211 684 1351 735 sagitta

226 746 349 784 Aonio
381 746 463 783 visa
493 750 554 783 est
584 736 745 794 iuveni,
779 749 908 781 tamen
938 741 1003 780 ille
1035 742 1219 780 decorem

140 811 208 844 590
227 803 391 844 Miratur
423 805 570 855 magis.
610 809 649 841 et
680 813 821 840 cursus
852 801 945 839 tacit
975 799 1039 839 ille
1071 800 1275 839 decorem.

227 864 332 902 Aura
362 833 507 902 referto
514 860 642 900 >ablata
675 862 763 899 citis
794 859 929 899 talaria
959 858 1127 910 plantis:

227 921 432 973 Tergaque
463 922 658 960 iactantur
690 920 820 958 crines
850 930 922 970 per
954 917 1128 957 eburnea
1145 948 1158 970 ,
1189 928 1367 970 quaeque

227 979 448 1032 Popiitibus
480 979 669 1018 suberant
700 979 804 1029 picto
835 976 1015 1027 genualia
1045 975 1188 1015 limbo:

228 1039 351 1090 Inque
383 1038 549 1090 puellari
581 1049 724 1088 corpus
757 1035 927 1075 candore
958 1034 1146 1074 ruborem

142 1106 208 1138 595
229 1097 418 1136 Traxerat
435 1128 447 1149 ,
478 1095 582 1135 haud
613 1095 726 1134 aliter
745 1126 756 1146 ,
788 1105 905 1144 quam
937 1105 1027 1132 cum
1058 1104 1178 1144 super
1203 1093 1303 1132 atria
1327 1091 1456 1132 velum

230 1155 400 1195 Candida
430 1166 678 1206 purpureum
710 1152 910 1192 simulatas
941 1151 1066 1190 inficit
1095 1150 1256 1190 umbras
1271 1181 1280 1190 .

229 1214 331 1253 Dum
356 1219 467 1253 notat
489 1213 586 1252 haec
614 1212 758 1264 hospes
770 1210 800 1264 ‚]
828 1210 995 1250 decursa
1019 1210 1230 1249 novissima
1255 1215 1359 1249 meta
1377 1215 1457 1262 est,

228 1272 280 1312 Et
310 1274 456 1324 tegitur
489 1273 588 1310 festa
618 1271 759 1310 victrix
790 1268 967 1308 Atalanta
998 1280 1165 1308 corona.

230 1331 331 1370 Dant
361 1333 550 1382 gemitum
581 1330 674 1368 victi
691 1361 703 1381 ,
733 1327 990 1380 penduntque
1022 1339 1070 1366 ex
1099 1326 1260 1366 foedere
1291 1338 1457 1379 poenas.

143 1399 211 1431 600
231 1390 317 1429 Non
349 1397 481 1429 tamen
513 1394 655 1427 eventu
685 1388 838 1427 iuvenis
871 1386 1086 1425 deterritus
1115 1385 1259 1425 horum

231 1448 416 1488 Constitit
447 1450 487 1487 111
520 1447 648 1486 medio
666 1478 678 1499 ,
709 1445 899 1496 vultuque
930 1446 972 1484 in
1002 1445 1154 1496 virgine
1185 1444 1261 1483 fixo

231 1505 383 1553 “‘Quid
414 1506 568 1546 facilem
599 1505 758 1544 titulum
790 1503 1012 1555 superando
1045 1503 1202 1553 quaeris
1233 1499 1418 1542 inertes?

231 1566 386 1606 Mecum
417 1565 554 1605 confer
572 1561 597 1603 1³
631 1565 684 1602 ait
715 1560 802 1602 eseu
833 1574 896 1601 me
927 1562 1085 1601 fortuna
1115 1566 1319 1613 potentem

232 1625 389 1664 Fecerit
407 1656 418 1677 ‚
450 1637 471 1662 a
503 1629 610 1663 tanto
643 1634 722 1661 non
753 1619 1008 1672 indignabere
1040 1621 1166 1660 vinci.
1281 1618 1284 1619 ⁷

145 1693 212 1725 605
233 1684 410 1734 Namque
440 1682 536 1722 mihi
567 1683 722 1733 genitor
752 1680 957 1731 Megareus
989 1677 1258 1719 Onchestius:
1286 1677 1344 1718 1111

232 1742 304 1782 Est
334 1742 541 1793 Neptunus
573 1752 697 1780 avus·
727 1750 926 1791 pronepos
958 1749 1030 1790 ego
1062 1739 1168 1790 regis
1199 1748 1411 1789 aquarum.

233 1801 315 1841 Nec
345 1802 471 1840 virtus
503 1801 601 1839 citra
633 1810 757 1850 genus
789 1803 877 1837 est.
916 1797 1181 1849 5011113031,
1210 1795 1412 1869 habebis„

234 1859 478 1912 Hippomene
509 1860 612 1898 vict-o
644 1868 829 1909 magnum
860 1861 900 1895 et
929 1854 1183 1895 memorabile
1213 1850 1396 1894 nomen?

234 1918 341 1958 Talia
372 1919 569 1958 dicentem
600 1916 707 1955 1110111
739 1915 955 1955 Schoeneia
985 1913 1097 1954 vultu

148 1986 216 2018 610
235 1978 414 2030 Aspicit,
446 1983 485 2016 et
516 1975 697 2028 dubitat,
729 1975 908 2026 superari
938 1985 987 2012 an
1018 1974 1176 2012 vincere
1207 1972 1337 2013 malit.

235 2036 362 2087 Atque
393 2037 448 2074 ita
479 2032 616 2086 “‘quis
641 2034 738 2074 deus
766 2033 872 2073 hunc
897 2028 1097 2072 formosis'
1127 2033 1258 2084 inquit
1288 2028 1462 2083 iniquus

235 2094 407 2133 Perdere
440 2094 551 2146 vult,
583 2105 776 2144 caraeque
806 2091 917 2132 iubet
947 2091 1174 2131 discrimine
1204 2091 1306 2130 vitae

238 2153 472 2203 Coniugium
503 2158 639 2204 petere
669 2148 780 2191 hoc?
817 2162 896 2190 non
922 2161 1032 2203 sum,
1064 2161 1126 2189 me
1156 2149 1311 2203 iudice,
1340 2149 1462 2189 tanti.

238 2211 318 2250 Nec
351 2211 474 2249 forma
505 2217 643 2262 tangor
661 2242 674 2264 ,
706 2232 760 2239 —·
792 2216 970 2262 poteram
1001 2214 1132 2248 tamen
1161 2207 1236 2248 hac
1267 2219 1425 2260 quoque

1267 2269 1376 2318 tangi
1407 2286 1462 2295 —

149 2337 217 2370 615
239 2329 316 2369 Sed
331 2327 434 2379 quod
449 2328 573 2368 adhuc
594 2340 693 2380 puer
708 2335 786 2368 est.
814 2340 892 2368 non
906 2339 968 2368 me
982 2333 1112 2368 movet
1129 2327 1235 2380 ipse,
1255 2325 1324 2366 sed
1337 2334 1463 2366 aetas.
