1527 2580
486 118 572 153 VIII
591 148 598 163 ,
623 118 814 163 eea—lx,
841 123 884 155 67
900 146 908 155 .
1008 132 1182 157 acuemus
1283 123 1361 164 175

142 227 483 280 Congrediturque
516 229 653 267 ferox.
693 228 833 280 puduit
869 229 982 268 modo
1021 241 1158 281 magna
1190 231 1360 271 locutum

142 285 321 327 Cedere:
351 288 472 326 reieci
503 287 667 326 viridem
699 288 745 327 de
779 300 943 340 corpore
975 295 1146 342 vestem,

140 344 406 397 Bracchiaque
439 347 633 398 opposui,
667 348 852 398 tenuique
885 359 906 385 a
937 353 1095 399 pectore
1129 359 1236 387 varas

140 403 184 444 In
217 405 382 444 statione
416 416 554 444 manus
587 410 626 443 et
655 417 807 456 pugnae
840 405 1015 445 membra
1045 408 1197 458 paravi.

76 469 120 503 35
142 461 208 502 Ille
241 464 344 502 cavis
375 462 514 502 hausto
547 465 696 514 spargit
728 476 787 502 me
819 464 979 515 pulvere
1012 464 1170 517 palmiS‚

140 520 264 573 Inque
297 523 422 561 vicem
455 521 579 560 fulvae
614 527 718 561 tactu
751 521 924 562 flavescit
955 522 1145 563 harenae.

141 579 191 620 Et
221 579 336 619 modo
370 582 562 619 cervicem
581 612 592 632 ,
625 580 739 619 modo
773 592 887 620 crura
920 583 1101 621 micantia
1133 588 1282 634 captat,

141 640 219 678 Aut
250 645 406 690 captare
439 645 584 691 putes,
617 640 800 690 omnique
834 651 854 678 a
885 647 995 691 parte
1029 640 1206 680 lacessit.

141 696 201 736 Me
235 709 319 737 mea
351 697 527 737 defendit
558 698 754 748 gravitas:
788 698 1011 750 frustraque
1044 699 1229 751 petebar3

77 764 122 796 40
142 755 254 795 Haud
285 767 401 796 secus
431 768 476 795 ac
507 756 629 796 moles
647 787 660 809 ,
690 768 829 808 magno
856 769 971 808 quam
1000 769 1201 798 murmure
1222 758 1364 798 flue-tus

143 813 408 867 Oppugnant3
439 822 570 854 manet
601 815 663 854 illa
682 846 693 867 ,
725 827 875 866 suoque
909 822 969 855 est
999 816 1173 868 pondere
1207 822 1310 856 tuta.

142 872 390 925 Digredimur
422 874 580 926 paulum
599 905 611 926 ‚
643 885 860 926 rursusque
893 874 940 913 ad
972 874 1072 914 bella
1104 877 1277 927 coimus,

142 931 266 983 Inque
299 931 422 984 gradu
455 934 666 985 stetimus,
698 934 798 972 certi
830 945 908 972 non
941 933 1112 986 cedere3
1145 940 1306 985 eratque

143 989 242 1030 Cum
272 989 373 1042 pede
404 1002 475 1042 pes
506 992 664 1030 iunctus
683 1022 694 1043 ‚
726 996 887 1042 totoque
921 1003 992 1043 ego
1024 998 1185 1043 pectore
1217 1004 1365 1044 pronus

78 1056 121 1088 45
142 1047 192 1088 Et
222 1048 365 1100 digitos
396 1049 526 1100 digitis
559 1055 599 1088 et
630 1050 800 1088 frontem
832 1050 960 1089 fronte
991 1050 1238 1101 premebam.

142 1106 229 1147 Non
261 1107 373 1147 aliter
404 1107 482 1147 vidi
513 1108 634 1147 fortes
667 1119 906 1148 concurrere
940 1115 1096 1161 tauros,

143 1165 242 1205 Cum
272 1167 443 1218 pretium
474 1178 627 1218 pugnae
660 1172 741 1206 toto
774 1166 1006 1206 nitidissima
1037 1167 1138 1207 saltu

143 1223 351 1277 Expetitur
382 1226 577 1264 coniunx:
609 1231 788 1276 spectant
818 1232 993 1265 armenta
1023 1231 1241 1278 paventque

144 1282 314 1337 Nescia,
346 1295 463 1335 quem
495 1289 650 1323 maneat
681 1285 776 1322 tanti
808 1285 970 1323 victoria
1002 1286 1136 1335 regni.

80 1350 123 1383 5ο
142 1341 220 1381 Ter
252 1343 336 1382 sine
367 1343 549 1394 profectu
581 1342 703 1382 voluit
734 1343 898 1381 nitentia
929 1348 1067 1381 contra

143 1400 308 1440 Reicere
340 1400 494 1440 Alcides
526 1413 547 1440 a
579 1413 621 1440 se
654 1413 740 1440 mea
770 1406 959 1452 pectora:
991 1406 1132 1452 quarto

144 1458 303 1499 Excutit
333 1459 534 1511 amplexus
552 1491 564 1512 ,
596 1458 840 1510 adductaque
872 1458 1054 1498 bracchia
1086 1458 1221 1511 solvit,

144 1517 425 1570 Inpulsumque
459 1530 576 1557 manu
596 1539 651 1546 ——
671 1523 824 1557 certum
857 1522 918 1556 est
947 1517 1043 1556 mihi
1069 1529 1157 1556 vera
1180 1518 1291 1556 fateri
1313 1539 1366 1545 —

144 1575 330 1616 Protinus
363 1578 532 1630 avertit,
563 1582 753 1628 tergoque
786 1587 977 1615 onerosus
1009 1575 1197 1615 inhaesit.

82 1642 125 1675 55
148 1634 268 1687 Siqua
300 1634 426 1688 fides,
460 1656 511 1663 -
540 1647 668 1686 neque
702 1636 807 1674 enim
838 1635 927 1673 ficta
958 1634 1053 1674 mihi
1084 1634 1205 1686 gloria
1238 1646 1331 1673 voce

145 1693 357 1740 Quaeritur
389 1715 444 1722 —
476 1694 647 1745 inposito
678 1704 841 1744 pressus
873 1692 968 1732 mihi
1002 1698 1131 1732 monte
1166 1692 1343 1731 videbar.

146 1751 216 1791 Vix
248 1757 377 1792 tamen
408 1753 559 1792 inserui
591 1751 735 1791 sudore
766 1751 927 1790 fluentia
959 1751 1081 1790 multo

148 1810 336 1850 Bracchia
355 1842 366 1864 ‚
397 1812 459 1850 vix
491 1810 587 1850 solvi
619 1810 739 1849 duros
772 1821 792 1848 a
823 1815 983 1861 pectore
1016 1821 1162 1848 nexus.

146 1869 269 1909 Instat
298 1868 525 1922 anhelanti,
555 1867 816 1920 proliibetque
849 1879 1050 1907 resumere
1083 1868 1209 1919 vires,

82 1935 126 1968 60
146 1927 196 1968 Et
226 1929 379 1968 cervice
411 1939 496 1967 mea
527 1928 704 1979 potitur.
743 1932 827 1966 tum
859 1925 1029 1977 denique
1062 1925 1175 1965 tellus

145 1986 286 2026 Pressa
316 1998 420 2038 genu
452 1991 588 2026 nostro
621 1992 680 2025 est
698 2017 709 2038 ,
741 1991 780 2024 et
810 1985 976 2024 harenas
1008 1996 1075 2023 ore
1108 1983 1319 2023 momordi.

147 2045 314 2084 Inferior
346 2046 520 2097 virtute,
551 2056 658 2084 meas
689 2044 862 2083 divertor
893 2043 939 2082 ad
972 2048 1100 2095 artes,

147 2102 368 2155 Elaborque
395 2104 476 2142 viro
502 2103 663 2155 longum
689 2103 878 2141 formatus
904 2103 944 2140 in
971 2113 1157 2153 anguem.
1189 2110 1217 2135 r.
1239 2109 1369 2135 cxxxiv-

147 2161 223 2208 Qui
252 2167 460 2214 postquam
491 2161 614 2201 ssexos
645 2162 795 2200 sinuavi
827 2172 970 2212 corpus
1002 2161 1042 2199 in
1075 2159 1215 2212 orbes,

83 2228 126 2260 55
149 2219 325 2272 Cumque
357 2221 441 2260 sero
473 2221 576 2260 movi
607 2219 779 2271 linguam
811 2218 980 2258 stridore
1012 2217 1224 2271 bisulcam,

146 2279 276 2332 Risit,
308 2285 348 2319 et
378 2278 547 2318 illudens
578 2284 733 2318 nostras
765 2277 994 2330 Tirynthius
1027 2283 1130 2316 artes

148 2334 379 2378 “Cunarum
409 2337 519 2377 labor
550 2343 612 2377 est
642 2348 788 2389 angues
821 2348 1006 2388 superare
1039 2332 1250 2384 mearum‚'
