1554 2506
98 101 153 144 82
326 113 461 136 cannes
641 97 856 133 METAMM
867 124 876 133 .

215 211 410 262 Nigraque
443 209 632 248 caeruleis
664 208 804 246 variari
837 219 1001 259 corpora
1032 210 1178 259 guttiSt

216 270 258 308 In
290 276 506 320 pectusque
540 266 641 305 cadit
671 277 850 319 pronus,
882 267 1168 317 commissaque
1198 267 1238 304 in
1270 277 1393 305 unum

128 336 194 367 580
214 327 403 366 Paulatim
435 326 551 364 tereti
583 330 794 364 tenuantur
827 326 1004 364 acumine
1037 335 1176 363 crura.

216 385 400 424 Bracchia
431 385 506 422 iam
538 388 715 422 restant.
754 394 852 433 quae
872 388 1049 435 restant,
1082 382 1265 421 bracchia
1289 381 1438 435 tendit,

218 444 266 483 Et
311 444 466 482 aorimis
498 454 569 493 per
601 440 728 480 adhuc
758 440 927 480 humana
959 441 1172 480 fluentibus
1205 453 1274 480 ora

218 500 262 540 ‘A
312 500 383 540 ede
401 532 413 553 ,
446 512 467 538 ο
501 501 671 539 coniunx
689 530 701 552 ‚
732 499 873 539 accede
893 531 904 551 ‚
935 501 1154 538 miserrima
1173 496 1199 552 ‚'
1230 498 1328 538 dixit

217 558 410 610 ‘Dumque
443 557 588 609 aliquid
619 564 803 610 superest
835 558 882 597 de
915 569 975 596 me
995 589 1006 610 ‚
1037 570 1099 597 me
1130 564 1245 609 tange
1264 589 1276 610 ,

1203 627 1439 667 manumque

130 685 194 716 585
215 677 358 728 Accipe
377 707 388 728 ,
420 675 514 714 dum
546 687 683 715 manus
715 682 804 727 est,
836 675 929 715 dum
961 687 1037 714 non
1071 680 1196 715 totum
1228 681 1394 726 occupat

1261 734 1399 784 anguis
1413 729 1439 772 .’

216 794 283 832 llle
317 793 476 845 quidem
507 792 589 832 vult
618 792 731 844 plura
762 791 900 845 loqui,
932 792 1001 831 sed
1032 792 1164 843 lingua
1195 798 1358 843 repente

216 852 259 891 ln
290 857 422 903 partes
454 857 514 891 est
544 851 634 890 fissa
666 851 791 890 duas:
823 862 896 890 nec
927 849 1045 889 verba
1076 850 1254 902 loquenti

218 910 457 962 Sufficiunt,
491 911 752 961 quotiensque
784 909 934 960 aliquos
966 915 1078 960 parat
1108 908 1226 948 edere
1252 915 1441 961 questus,

217 968 381 1008 Sibilat:
413 968 512 1007 hanc
543 967 599 1007 illi
629 979 765 1007 vocem
796 974 936 1006 natura
966 967 1147 1019 reliquit.
1289 974 1316 1001 f.
1335 974 1438 1001 xlviii-

129 1036 195 1068 590
215 1027 327 1066 Nuda
359 1039 475 1066 manu
508 1027 654 1066 seriens
687 1025 875 1065 exclamat
905 1032 1067 1077 pectora
1092 1026 1263 1066 coniunx

218 1083 374 1124 ‘Cadme
393 1117 404 1137 ‚
437 1097 549 1124 mane
568 1116 579 1137 ,
610 1090 728 1135 teque
747 1116 758 1137 ‚
795 1083 930 1123 infelix
949 1116 960 1136 ‚
991 1084 1052 1124 his
1092 1096 1192 1124 exue
1229 1082 1440 1124 monstris!

218 1144 389 1196 Cadme,
422 1143 514 1195 quid
547 1143 621 1181 hoc
639 1140 661 1182 ‘i'
692 1141 760 1181 ubi
791 1154 861 1194 pes
881 1139 902 1180 Ῥ
932 1141 1000 1181 ubi
1030 1148 1122 1182 sunt
1147 1144 1352 1195 umerique

1224 1213 1440 1253 manusque

222 1262 270 1301 Et
303 1261 409 1301 celor
442 1267 482 1300 et
512 1262 630 1300 facies
664 1267 702 1300 et
734 1260 826 1300 dum
858 1260 1027 1314 loquor,
1057 1262 1187 1300 omnia
1206 1257 1227 1300 P
1259 1272 1330 1299 cur
1361 1272 1441 1299 non

218 1320 277 1359 Me
309 1332 466 1371 quoque
485 1352 496 1372 ‚
528 1319 746 1372 caelestes,
776 1321 817 1358 in
849 1318 1013 1358 eandem
1049 1320 1201 1358 vertitis
1241 1315 1442 1370 anguem?

132 1387 197 1418 595
219 1378 405 1418 Dixerat.
442 1378 506 1417 ille
539 1390 631 1417 suae
664 1377 858 1417 lambebat
884 1378 1060 1429 coniugis
1092 1389 1183 1429 ora,

217 1437 339 1488 lnque
372 1438 481 1475 sinus
514 1448 625 1475 caros
643 1468 654 1488 ,
680 1436 801 1475 veluti
832 1442 1118 1488 cognosceret,
1149 1436 1252 1488 ibat,

221 1495 271 1534 Et
301 1494 417 1534 dabat
443 1495 641 1546 amplexus
660 1526 671 1547 ‚
703 1500 935 1546 assuetaque
968 1494 1065 1533 colla
1096 1494 1277 1546 petebat.

220 1553 405 1604 Quisquis
426 1553 536 1593 adest
555 1574 610 1581 -—-
631 1553 792 1592 aderant
820 1553 983 1592 comites
1004 1574 1059 1580 —-
1079 1558 1277 1593 terretur:
1308 1559 1347 1592 at
1377 1552 1442 1592 illa

219 1612 387 1651 Lubrica
417 1611 637 1663 permulcet
668 1613 818 1650 cristati
849 1611 946 1650 colla
978 1611 1182 1664 dracon1s3

134 1680 199 1711 500
219 1670 269 1710 Et
300 1669 429 1710 subito
462 1670 538 1709 duo
571 1676 664 1709 sunt
693 1671 907 1721 iunctoque
939 1669 1135 1710 volumine
1166 1676 1355 1723 serpunt,

219 1729 350 1768 Donec
380 1730 422 1768 in
454 1730 621 1780 appositi
651 1729 824 1768 nemoris
856 1727 1013 1767 subiere
1045 1727 1235 1768 latebras.

218 1787 331 1828 Nunc
364 1799 522 1838 queque
555 1799 627 1826 nec
659 1787 815 1838 fugiunt
846 1786 1074 1840 hominem,
1105 1799 1179 1827 nec
1211 1786 1371 1827 vulnere

1259 1845 1442 1900 laedunt,

222 1905 400 1956 Quidque
438 1906 549 1957 prius
587 1905 764 1957 fuerint,
795 1904 937 1956 placidi
977 1905 1190 1946 meminere
1228 1903 1441 1944 dracones.

280 1963 357 2003 Sed
389 1970 519 2002 tamen
550 1963 739 2002 ambobus
766 1975 900 2003 versae
933 1963 1075 2002 solacia
1106 1963 1254 2002 formae

134 2031 198 2061 605
221 2022 355 2072 Magna
386 2034 508 2073 nepos
541 2023 670 2061 fuerat
687 2054 699 2075 ‚
732 2033 848 2073 quem
879 2021 1070 2061 debellata
1102 2021 1254 2061 colebat

222 2080 329 2118 ludia
347 2112 358 2132 ‚
390 2092 507 2130 quem
537 2081 676 2131 positis
708 2079 930 2120 celebrabat
960 2080 1103 2120 Achaia
1135 2080 1312 2132 templis.

224 2137 337 2177 Solus
369 2137 603 2177 Abantiades
635 2138 682 2177 ab
715 2140 866 2190 origine
897 2146 1030 2179 cretus
1063 2138 1198 2178 eadem

222 2197 395 2236 Acrisius
429 2203 638 2249 superest,
671 2199 738 2248 qui
770 2197 976 2237 moenibus
1007 2203 1139 2237 arceat
1169 2196 1278 2237 urbis

221 2254 421 2306 Argolicae
441 2287 452 2307 ‚
484 2262 697 2306 contraque
730 2255 848 2295 deum
879 2256 980 2295 ferat
1010 2267 1115 2295 arma
1133 2287 1144 2308 ‚
1175 2267 1378 2307 genusque

136 2321 202 2353 610
223 2313 307 2352 Non
338 2319 450 2367 putet
482 2325 568 2352 esse
600 2312 728 2353 Iovis.
767 2326 894 2365 neque
922 2315 1026 2353 enim
1057 2313 1156 2353 Iovis
1176 2326 1263 2354 esse
1282 2313 1443 2366 putabat
