1554 2506
184 55 264 97 188
433 69 555 91 emme
733 54 947 90 METAMM
962 83 970 90 .

299 167 418 218 Finge
452 166 604 218 placere
638 166 730 204 mihi
751 197 761 217 ‚
793 164 921 204 scelus
953 177 1040 205 esse
1072 166 1267 207 videbitur
1298 168 1374 208 illi.

298 227 347 265 At
377 238 455 265 non
487 224 668 263 Aeolidae
702 223 890 263 thalamos
923 226 1089 264 timuere
1126 238 1329 266 sororum.

298 284 409 324 Unde
442 284 510 322 sed
542 283 612 321 hos
646 280 775 321 novi?
806 295 878 322 cur
909 282 1004 322 hacc
1037 284 1211 336 exempla
1242 282 1407 336 paravi?

299 343 384 389 Quo
417 339 563 381 feror?
594 341 786 380 obscenae
817 341 956 393 procul
987 342 1079 381 hinc
1110 342 1301 382 discedite
1322 343 1524 397 flammae,

212 410 279 442 510
299 402 379 441 Nec
398 432 409 453 ‚
440 401 517 439 nisi
549 412 625 451 qna
655 401 712 439 sas
745 405 805 439 est
835 412 1042 451 germanae
1061 432 1072 453 ,
1104 401 1226 440 frater
1257 407 1412 442 ametur
1437 425 1493 432 —

252 450 290 535 s
300 461 341 499 Si
373 465 503 498 tamen
533 460 618 510 ipse
649 471 736 498 meo
770 465 906 510 captus
939 461 1047 510 prior
1080 465 1184 499 esset
1215 471 1371 514 amore,

298 519 479 557 Forsitan
509 516 614 556 illius
646 530 803 569 possem
835 517 1038 568 indulgere
1071 518 1218 558 furori.

299 577 402 628 Ergo
437 589 507 628 ego
526 608 537 628 ,
571 589 690 628 quem
722 578 873 615 sueram
904 588 982 615 non
1015 578 1210 617 reiectura
1242 583 1466 631 petentem,

298 636 385 687 Ipsa
415 642 546 687 petam
565 633 587 674 ‘1³
616 637 817 687 poterisne
849 635 957 686 loqui
976 632 998 674 Ῥ
1027 637 1228 686 poterisne
1262 635 1409 676 fateri?

211 702 277 734 515
300 695 422 746 Coget
452 705 561 733 amor
579 726 590 747 ‚
621 700 788 746 potero.
826 693 916 746 vel,
949 695 982 732 si
1012 693 1139 745 pudor
1171 707 1238 734 ora
1270 695 1443 748 tenebit,

298 753 446 793 Littera
479 752 623 792 celatos
656 764 794 792 arcana
828 751 1014 791 fatebitur
1045 754 1178 804 ignes.

298 812 382 852 Hoc
413 811 572 864 placet,
602 812 698 851 haec
731 811 889 850 dubiam
920 812 1014 850 vicit
1045 813 1239 851 sententia
1270 818 1465 853 mentem.

299 871 343 910 In
375 871 477 910 latus
511 872 677 922 erigitur
696 902 706 922 ‚
739 869 952 921 cubitoque
983 871 1116 909 innixa
1147 871 1308 910 sinistro

300 927 494 969 ‘Videritz
525 926 699 968 insanos'
730 930 860 979 inquit
892 926 1099 968 ‘fateamur
1131 941 1307 970 amores.

212 997 279 1029 520
299 989 346 1028 Ei
366 988 457 1027 mihi
480 987 489 1027 1
516 1000 593 1039 quo
613 987 723 1026 labor
736 985 757 1027 *Ρ
784 999 902 1038 quem
920 999 1032 1026 mens
1051 999 1137 1027 mea
1157 989 1329 1040 concipit
1347 989 1477 1040 ignem
1489 986 1528 1030 ·?’

298 1048 348 1087 Et
380 1048 562 1086 meditata
594 1058 711 1086 manu
745 1047 944 1097 componit
974 1045 1092 1085 verba
1123 1049 1331 1086 trementi.

300 1107 442 1146 Dextra
475 1110 584 1144 tenet
613 1105 764 1144 ferrum
782 1136 793 1158 ‚
825 1115 986 1143 vacuam
1016 1110 1126 1143 tenet
1156 1104 1277 1145 altera
1303 1117 1455 1146 ceram.

300 1166 470 1216 Incipit,
503 1169 542 1203 et
573 1162 755 1203 dubitat:
788 1162 955 1215 scribit,
987 1163 1221 1215 damnatque
1253 1163 1438 1205 tabellas:

299 1224 349 1263 Et
381 1229 518 1275 notat,
549 1227 589 1261 et
620 1222 753 1262 delet:
784 1227 939 1274 mutat,
971 1222 1180 1274 culpatque
1198 1254 1210 1276 ‚
1241 1222 1485 1275 probatque:

212 1291 278 1323 525
299 1283 422 1333 Inque
454 1282 580 1321 vicem
611 1286 788 1332 sumptas
818 1282 958 1333 ponit,
990 1282 1216 1333 positasque
1249 1283 1437 1322 resumit.

303 1341 405 1387 Quid
437 1340 559 1393 velit,
584 1341 767 1393 ignorat3
800 1339 987 1392 quicquid
1019 1340 1170 1379 factura
1201 1340 1382 1395 videtur,

300 1400 516 1451 Displicet.
554 1400 596 1438 in
626 1398 737 1438 vultu
769 1404 830 1438 est
861 1398 1021 1438 audacia
1052 1400 1172 1438 mixta
1201 1398 1368 1451 pudori.

302 1459 456 1510 Scripta
488 1454 632 1496 ‘soror'
665 1457 822 1497 fuerat:
852 1459 980 1496 visum
1013 1462 1073 1496 est
1103 1457 1236 1496 delere
1268 1469 1469 1512 sororem,

300 1517 504 1568 Verbaque
538 1518 728 1556 correctis
760 1515 935 1555 incidere
967 1515 1058 1555 talia
1090 1517 1216 1556 ceris:

213 1584 281 1617 530
302 1574 442 1622 ‘Quam
461 1608 472 1627 ‚
504 1576 580 1614 nisi
612 1580 653 1614 tu
686 1574 840 1614 dederis
859 1606 870 1627 ‚
902 1586 980 1614 non
1019 1580 1080 1614 est
1114 1574 1296 1614 habitura
1340 1575 1530 1629 salutem,

303 1635 410 1674 Hanc
430 1634 501 1674 tibi
521 1635 641 1673 mittit
661 1645 815 1673 amans.
842 1633 989 1686 pudet,
1014 1632 1059 1672 a!
1084 1633 1207 1685 pudet
1226 1633 1343 1674 edere
1362 1646 1529 1675 nomen.

301 1694 351 1733 Et
382 1695 445 1746 si,
478 1693 570 1744 quid
604 1694 758 1744 cupiam
777 1725 788 1744 ‚
820 1693 977 1744 quaeris
996 1723 1008 1744 ‚
1039 1693 1124 1731 sine
1155 1694 1314 1732 nomine
1347 1692 1487 1733 vellem

301 1753 441 1793 Posset.
471 1753 532 1805 agi
563 1763 649 1790 mea
681 1763 796 1791 causa
828 1763 915 1790 meo
933 1783 946 1803 ‚
976 1762 1051 1790 nec
1081 1752 1237 1803 cognita
1266 1750 1398 1804 Byblis

301 1814 400 1851 Ante
433 1811 558 1850 forem
576 1841 588 1863 ,
618 1821 737 1863 quam
767 1822 858 1862 spes
889 1815 1070 1849 votorum
1101 1815 1209 1850 certa
1241 1810 1402 1850 fnisset.

214 1879 280 1910 535
303 1871 398 1909 Esse
432 1870 590 1921 quidem
621 1869 716 1908 laesi
745 1874 901 1920 poterat
932 1868 1003 1907 tibi
1033 1870 1206 1920 pectoris
1239 1868 1356 1907 index

302 1930 352 1968 Et
384 1929 490 1968 color
523 1934 562 1968 et
592 1930 735 1967 macies
769 1932 808 1966 et
838 1927 999 1979 vultus,
1031 1932 1071 1966 et
1100 1927 1230 1966 umida
1263 1939 1379 1979 saepe

301 1988 465 2027 Lumina
484 2019 495 2040 ‚
528 1999 600 2026 nec
633 1998 748 2026 causa
781 1987 948 2038 suspiria
979 1991 1082 2025 mota
1114 1987 1287 2037 patenti,

301 2046 352 2086 Et
383 2046 514 2085 crebri
546 2046 746 2097 amplexus
764 2077 776 2098 ‚
808 2051 848 2084 et
879 2057 977 2097 quae
996 2076 1007 2096 ,
1039 2046 1072 2083 si
1104 2045 1205 2084 sorte
1237 2045 1404 2098 notasti,

305 2104 446 2145 Oscula
479 2106 617 2144 sentiri
648 2116 727 2143 non
761 2116 846 2143 esse
880 2106 1030 2142 sororia
1061 2108 1245 2155 possent.

217 2173 284 2205 540
304 2165 392 2216 Ipsa
422 2169 552 2202 tamen
572 2195 583 2216 ‚
616 2164 791 2214 quamvis
831 2164 958 2202 animo
991 2173 1107 2213 grave
1144 2161 1286 2201 vulnus
1318 2161 1529 2216 habebam,

305 2224 487 2269 Quamvis
520 2224 625 2261 intus
659 2228 742 2261 erat
774 2222 885 2261 furor
916 2222 1054 2272 igneus
1074 2251 1085 2273 ,
1117 2222 1244 2260 omnia
1277 2221 1376 2273 feci,

305 2282 406 2321 Sunt
436 2280 530 2320 mihi
562 2281 600 2319 di
633 2286 783 2333 testes,
814 2286 860 2320 ut
891 2280 1047 2319 tandem
1078 2281 1209 2318 sanior
1242 2291 1392 2320 essem:
