1527 2580
552 118 654 163 vm,
681 122 889 154 662—736.
976 131 1077 154 rme.
1105 132 1225 154 umc's
1311 119 1388 160 169

172 229 237 269 ula
270 235 381 269 vetus
400 259 412 281 ‚
443 228 610 267 dominis
643 230 759 268 etiam
791 241 878 268 casa
910 241 1025 280 parva
1057 227 1209 267 duobus

84 296 152 329 τοο
170 286 346 327 Vertitur
377 288 418 326 in
451 286 667 338 templum:
700 288 828 326 furcas
860 286 1017 327 subiere
1049 286 1273 337 columnae,

172 345 366 386 Stramina
398 344 612 384 flavescunt
643 352 852 396 aurataque
885 352 987 385 tecta
1020 345 1221 396 videntur,

171 404 427 455 Caelataeque
460 404 565 443 sores
584 435 595 456 ,
626 404 889 456 adopertaque
923 416 1115 444 marmore
1149 403 1285 442 tellus.

170 462 275 502 Talia
308 469 392 502 tum
424 462 573 514 placido
607 462 813 502 Saturnius
845 463 966 502 edidit
997 475 1088 501 ore:

172 519 327 560 “Dicite
347 553 359 573 ,
390 522 492 560 iuste
525 533 645 560 senex
678 528 717 560 et
749 522 890 560 semina
923 523 1087 572 coniuge
1120 523 1222 560 iusto

85 588 153 620 ’106
174 579 295 631 Digna
315 610 326 632 ,
357 579 451 630 quid
483 581 626 631 optetis
646 576 686 618 .’'
719 591 808 619 cum
839 579 1007 619 Baucide
1040 591 1161 631 pauca
1194 579 1370 629 locutus,

173 638 366 678 iudicium
397 640 552 689 superis
585 640 711 690 aperit
742 650 948 677 commune
981 638 1206 677 Philemon:

173 694 301 736 “Esse
334 696 559 736 sacerdotes
591 696 831 748 delubraque
863 703 990 736 vestra
1024 698 1125 736 tueri

171 754 405 807 Poscimus3
437 762 476 794 et
507 757 690 806 quoniam
724 755 938 795 concordes
971 757 1121 806 egimus
1153 766 1298 805 annos,

174 814 336 853 Auserat
367 813 463 852 hora
495 813 593 853 duos
626 814 790 867 eadem,
822 826 894 854 nec
927 816 1103 865 coniugis
1137 824 1319 863 umquam

87 881 154 912 '110
175 871 296 912 Busta
328 883 436 911 meae
469 872 648 926 videam,
681 885 757 912 neu
790 875 863 912 sim
896 872 1147 912 tumulandus
1179 871 1225 910 ab
1259 867 1363 909 illa.’'

173 930 270 970 Vota
302 930 398 970 fides
431 933 638 982 sequitur.
678 931 814 983 templi
846 931 967 970 tutela
999 932 1133 982 fuere,

174 988 306 1028 Donec
338 991 415 1028 vita
447 989 534 1028 data
569 995 658 1028 est.
697 991 808 1028 annis
841 1001 1012 1040 aevoque
1045 988 1164 1027 soluti

176 1048 277 1087 Ante
309 1047 453 1099 gradus
485 1060 618 1087 sacros
650 1060 740 1087 cum
772 1055 923 1087 starent
955 1048 1055 1086 sorte
1087 1046 1240 1097 locique

173 1105 370 1145 Navarent
399 1118 513 1145 curas
532 1138 543 1158 ‚
575 1107 758 1146 frondere
790 1106 1016 1146 Philemona
1047 1105 1210 1156 Baucis,
1241 1113 1268 1139 t.
1288 1112 1393 1138 cxxxi-

89 1172 156 1204 715
176 1164 345 1204 Baucida
378 1167 582 1216 conspexit
613 1167 744 1204 senior
776 1164 959 1203 frondere
991 1163 1217 1203 Philemon.

178 1223 337 1274 lamque
370 1235 490 1275 super
521 1225 698 1274 geminos
730 1229 933 1262 crescente
966 1223 1167 1262 cacumine
1199 1221 1328 1260 vultus

174 1281 307 1321 Mutua
326 1313 337 1334 ,
368 1281 461 1320 dum
492 1281 632 1334 licuit,
664 1281 879 1321 reddebant
910 1281 1012 1320 dicta
1045 1276 1173 1319 “vale'
1205 1292 1281 1331 que

179 1337 227 1379 Ὃ
259 1337 461 1379 coniunx'’
494 1340 628 1379 dixere
661 1340 806 1392 simul,
838 1339 954 1379 simul
986 1338 1115 1378 abdita
1145 1339 1242 1377 texit

176 1398 255 1438 Ora
285 1399 415 1438 frutex
435 1429 444 1438 .
482 1399 654 1438 ostendit
684 1398 811 1438 adhuc
843 1398 1047 1449 Cibyreius
1079 1397 1156 1436 illic

89 1465 156 1497 '120
176 1456 306 1496 Incola
337 1457 385 1496 de
417 1459 571 1508 gemino
604 1459 752 1496 vicinos
784 1468 948 1508 corpore
982 1463 1165 1495 truncos.

175 1515 281 1555 Haec
312 1515 407 1554 mihi
439 1528 519 1555 non
550 1517 666 1568 vani,
698 1527 826 1566 neque
859 1521 943 1554 erat
974 1526 1045 1554 eur
1071 1513 1204 1552 fallere
1237 1513 1401 1564 vellent,

176 1573 394 1613 Narravere
426 1586 541 1614 senes
561 1605 570 1613 .
609 1574 791 1626 equidem
822 1573 1032 1626 pendentia
1064 1572 1143 1611 vidi

179 1632 292 1672 Serta
324 1644 444 1685 super
476 1644 605 1672 ramos
625 1664 636 1686 ,
667 1644 896 1685 ponensque
929 1633 1103 1671 recentia
1135 1630 1215 1669 dixi

178 1688 312 1730 “Cura
343 1693 398 1742 pii
429 1691 490 1731 dis
521 1697 644 1744 sunt,
675 1697 715 1730 et
746 1693 813 1742 qui
844 1690 1002 1730 coluere
1021 1721 1033 1742 ‚
1065 1688 1248 1728 coluntur
1262 1684 1318 1727 .'’'

92 1757 160 1789 '125
240 1749 448 1802 Desierat3
479 1756 722 1801 cunctosque
754 1755 794 1788 et
825 1761 889 1788 res
921 1754 960 1788 et
991 1753 1165 1787 moverat
1196 1752 1354 1786 auctor:

180 1807 334 1847 Thesea
365 1809 604 1860 praecipue.
643 1819 761 1859 quem
793 1808 891 1846 sacta
924 1807 1059 1846 audire
1090 1805 1285 1844 volentem

177 1866 275 1906 Mira
306 1866 453 1920 deum,
484 1868 641 1906 innixus
673 1865 805 1905 cubito
838 1865 1070 1916 Calydonius
1102 1865 1226 1903 amnis

177 1924 338 1964 Talibus
371 1925 611 1976 alloquitur:
643 1922 752 1964 ‘sunt
769 1955 780 1976 ‚
811 1936 834 1962 o
867 1924 1078 1963 fortissime
1097 1954 1108 1975 ,
1141 1933 1308 1973 quorum

179 1983 318 2023 Forma
351 1984 472 2023 semel
504 1989 607 2023 mota
627 1989 688 2022 est
705 2014 716 2036 ,
747 1988 786 2022 et
817 1984 857 2021 in
877 1982 951 2021 hoc
970 1982 1219 2020 renovamine
1240 1982 1402 2032 mansit3

94 2050 161 2082 730
182 2041 313 2095 Sunt,
345 2042 488 2094 quibus
519 2044 559 2081 in
590 2042 725 2094 plures
751 2043 812 2080 ius
844 2046 905 2080 est
937 2041 1103 2079 transire
1136 2040 1303 2091 figuras,

178 2099 231 2140 Ut
261 2100 332 2140 tihi
350 2132 362 2152 ‚
393 2100 585 2152 complexi
617 2107 762 2139 terram
795 2100 912 2138 maris
944 2097 1092 2150 incola,
1123 2097 1291 2137 Proteu.

179 2158 277 2198 Nam
296 2158 412 2198 modo
432 2164 470 2198 te
490 2160 695 2212 iuvenem,
714 2157 829 2197 modo
850 2164 887 2197 te
908 2157 1039 2196 videre
1059 2156 1402 2208 leonem31-exxxss-

180 2217 293 2257 Nunc
325 2217 518 2257 violentus
545 2229 638 2269 aper
657 2249 668 2269 ‚
700 2228 804 2256 nunc
821 2248 833 2268 ‚
865 2227 982 2267 quem
1000 2216 1176 2266 tetigisse
1197 2216 1402 2264 timerent,

183 2276 331 2328 Anguis
363 2288 480 2328 eras3
511 2276 626 2315 modo
658 2281 697 2314 te
730 2273 923 2314 faciehant
953 2286 1100 2313 cornua
1131 2279 1309 2313 taurum:

96 2342 163 2375 735
184 2334 309 2387 Saepe
341 2334 438 2386 lapis
469 2340 626 2387 poteras
645 2365 657 2386 ,
687 2332 804 2372 arhor
836 2345 992 2385 quoque
1025 2344 1140 2384 saepe
1172 2332 1315 2371 videri:
