1507 2580
545 91 571 124 ll
591 118 598 134 ,
625 94 786 125 61—134
802 118 809 125 .
965 104 1146 126 PHAETHON
1291 92 1347 132 25

130 199 327 251 Deprecor
359 199 432 238 hoc
465 212 615 253 unum,
648 201 750 252 quod
785 213 874 239 vero
908 202 1062 239 nomine
1096 213 1243 253 poena,

129 258 214 298 Non
230 259 354 297 honor
369 265 451 297 est.
478 271 666 310 poenam,
688 259 911 312 Phaethon,
933 272 1002 310 pro
1019 272 1179 298 munere
1195 261 1347 312 poscis.

44 326 109 358 100
132 317 232 363 Quid
266 330 350 356 mea
383 317 479 356 colla
513 324 622 356 tenes
656 318 835 371 blandis,
866 320 998 369 ignare
1018 350 1029 371 ,
1061 318 1216 357 lacertis
1235 316 1255 357 P

129 376 185 415 Ne
218 375 350 415 dubita
370 408 380 427 ,
412 375 567 415 dabitur
600 398 653 404 —
688 377 837 428 Stygias
870 379 1082 416 iuravimus
1115 376 1260 416 undas!
1294 399 1347 404 —

131 434 413 486 Quodcumque
446 437 621 486 optaris.
660 436 727 474 sed
763 442 801 474 tu
835 438 1049 487 sapientius
1081 442 1170 487 opta
1185 433 1208 474 .'

130 493 303 533 Finierat
335 495 505 533 monitus
528 524 536 531 .
574 493 688 532 dictis
722 500 849 533 tamen
876 494 937 533 ille
971 500 1186 546 repugnat,

129 552 458 604 Propositumque
491 554 634 604 premit
666 553 879 604 flagratque
912 554 1094 605 cupidine.
1128 565 1291 592 currus.

44 619 108 651 105
129 611 232 663 Ergo
265 623 341 663 qua
373 611 512 663 licuit,
537 613 691 663 genitor
719 618 925 651 cunctatus
944 644 955 665 ‚
987 612 1031 651 ad
1067 612 1162 651 altos

131 670 297 709 Deducit
329 671 509 709 iuvenem
528 701 539 722 ‚
573 670 755 709 Vulcania
787 683 949 710 munera
968 703 979 723 ‚
1011 683 1180 710 currus.

129 730 283 768 Aureus
315 730 396 767 axis
428 735 540 781 erat,
572 735 675 767 terno
708 742 880 782 aureus,
913 742 1029 768 aurea
1061 741 1234 768 summae

131 787 347 826 Curvatura
380 794 487 826 rotae
508 819 518 839 ‚
551 788 747 827 radiorum
781 794 990 839 argenteus
1023 788 1141 826 ordo.

130 846 205 885 Per
236 848 326 897 iuga
358 846 585 897 chrysolithi
618 849 844 897 positaeque
878 859 923 886 ex
957 847 1093 885 ordine
1126 858 1299 897 gemmae

45 913 110 944 110
131 905 240 944 Clara
272 917 506 956 repercusso
538 905 754 944 reddebant
785 905 929 944 lumina
960 905 1143 944 Phoebo.

129 963 308 1014 Dumque
341 975 385 1002 ea
417 966 685 1014 magnanimus
718 964 919 1002 Phaethon
951 966 1115 1002 miratur
1147 975 1323 1014 opusque

131 1022 356 1075 Pei-spicit,
388 1035 480 1061 ecce
512 1023 602 1073 vigil
635 1022 752 1061 rutilo
786 1023 970 1073 patefecit
1002 1022 1048 1060 ab
1076 1028 1164 1061 ortu

131 1081 356 1132 Purpureas
388 1082 539 1120 Aurora
572 1082 676 1120 sores
708 1087 747 1120 et
778 1081 891 1132 plena
922 1093 1102 1119 rosarum

130 1141 236 1178 Atria
257 1170 266 1178 .
305 1139 514 1191 diffugiunt
545 1140 678 1178 stellae
697 1171 708 1192 ‚
741 1152 907 1190 quarum
939 1142 1091 1190 agmina
1123 1141 1227 1191 cogit

46 1206 110 1237 115
132 1198 290 1237 Lucifer
309 1229 320 1250 ‚
352 1204 391 1237 et
422 1198 517 1237 caeli
549 1200 716 1237 statione
749 1199 985 1237 novissimus
1018 1199 1119 1237 exit.

131 1257 256 1303 Quem
288 1262 423 1308 petere
456 1262 500 1296 ut
531 1263 657 1295 terras
689 1257 959 1307 mundumque
992 1256 1205 1296 rubescere
1237 1256 1355 1310 vidit,

132 1315 366 1366 Cornuaque
399 1321 596 1354 extremae
628 1315 734 1354 velut
758 1327 992 1354 evanescere
1024 1315 1162 1354 lunae:

131 1374 298 1426 Iungere
331 1386 454 1425 equos
484 1374 598 1413 Titan
630 1373 828 1413 velocibus
861 1375 1027 1425 imperat
1056 1373 1196 1412 Horis.

133 1433 240 1472 Iussa
273 1432 367 1472 deae
401 1432 550 1472 celeres
581 1438 803 1485 peragunt,
834 1434 1044 1484 ignemque
1076 1437 1278 1471 vomentes

46 1500 113 1532 120
133 1491 361 1531 Ambrosiae
395 1503 490 1530 suco
523 1498 678 1530 saturos
710 1491 966 1543 praesepibus
998 1491 1086 1530 altis

133 1550 416 1602 Quadrupedes
448 1550 598 1589 ducunt
629 1550 854 1600 adduntque
887 1551 1063 1588 sonantia
1095 1550 1227 1588 frena.

132 1609 234 1648 Tum
266 1615 377 1661 pater
408 1621 476 1647 ora
508 1611 569 1648 sui
602 1621 713 1648 sacro
746 1608 1003 1647 medicamine
1036 1610 1115 1646 nati

134 1667 307 1718 Contigit
338 1673 377 1706 et
408 1667 565 1719 rapidae
599 1668 692 1706 fecit
722 1669 908 1719 patientia
939 1667 1139 1718 flammae,

134 1727 391 1778 Inposuitque
424 1738 557 1765 comae
589 1726 748 1779 radios,
779 1737 1042 1777 praesagaque
1074 1725 1204 1763 luctus

47 1793 112 1824 125
133 1785 299 1824 Pectore
333 1785 498 1824 sollicito
531 1791 714 1836 repetens
748 1786 915 1835 suspiria
947 1783 1066 1822 dixit:

134 1841 192 1883 ‘Si
223 1850 336 1895 potes
368 1843 428 1882 his
460 1843 595 1883 saltem
628 1845 786 1882 monitis
818 1854 957 1893 parere
989 1843 1186 1893 paternis,

137 1902 259 1942 Parce
278 1934 290 1956 ,
321 1914 420 1954 puer
440 1934 451 1954 ,
483 1902 681 1955 stimulis,
714 1908 753 1940 et
785 1902 925 1939 fortius
958 1906 1071 1938 utere
1103 1899 1221 1938 loris.

135 1961 283 2012 Sponte
316 1973 384 2000 sua
416 1967 658 2013 properant:
690 1960 799 1998 labor
831 1966 891 1998 est
921 1958 1098 1997 inhibere
1130 1958 1327 1997 volentes.

134 2019 216 2058 Nec
248 2019 317 2058 tibi
349 2020 521 2058 directos
553 2019 703 2070 placeat
734 2020 791 2056 via
824 2019 998 2068 quinque
1029 2029 1101 2068 per
1131 2029 1270 2056 arcus:

53 2087 117 2118 130
139 2078 280 2117 Sectus
312 2079 351 2116 in
385 2078 586 2129 obliquum
620 2083 679 2117 est
710 2077 786 2115 lato
819 2077 1044 2115 curvamine
1076 2075 1212 2128 limes,

136 2136 408 2187 Zonarumque
442 2138 561 2176 trium
593 2141 801 2174 contentus
834 2136 908 2173 sine
941 2134 1152 2185 polumque

136 2195 283 2247 Effugit
314 2195 524 2234 australem
557 2196 808 2245 iunctamque
840 2192 1087 2244 aquilonibus
1119 2193 1287 2232 Arcton.

134 2254 216 2294 llac
248 2256 299 2294 sit
330 2256 404 2293 iter
424 2284 433 2293 .
472 2254 678 2292 manifesta
710 2259 819 2291 rotae
851 2253 1011 2303 vestigia
1045 2264 1206 2290 cernes.

135 2311 264 2364 thue
297 2313 425 2352 serant
456 2324 601 2362 aequos
633 2317 673 2350 et
704 2311 853 2350 caelum
884 2316 923 2350 et
950 2316 1054 2350 terra
1087 2309 1259 2363 calores,
