1538 2496
14 123 101 166 294
268 135 397 158 camus
564 118 778 154 METAMM
793 145 800 154 .

133 234 305 284 Proripit
336 245 379 271 ac
412 231 541 270 Latios
574 234 680 268 errat
710 239 849 268 vesana
881 239 951 279 per
984 239 1120 280 agros.

135 292 211 331 Sex
243 291 346 330 illam
378 294 542 341 noctes,
575 287 737 326 totidem
770 285 974 326 redeuntia
1006 286 1098 325 solis

134 350 298 389 Lumina
330 348 512 387 viderunt
543 348 701 398 inopem
733 346 939 396 somnique
972 344 1128 396 cibique

46 416 113 448 425
135 409 211 448 Per
241 410 359 459 iuga,
391 418 461 458 per
493 404 610 443 valles
630 436 640 456 ‚
673 415 749 455 qua
780 404 862 442 fors
894 403 1091 456 ducebat,
1124 408 1304 443 euntem.

134 467 302 506 Ultimus
334 465 485 517 aspexit
515 462 684 515 Thybris
714 462 905 514 luctuque
936 463 1074 513 viaque

65 548 119 554 —
140 525 299 564 Fessam
330 529 369 563 et
400 525 477 562 iam
507 522 620 573 longa
652 527 864 573 ponentem
896 533 1060 572 corpora
1093 522 1200 572 ripa.

133 584 216 624 Illic
249 595 339 623 cum
370 582 540 621 lacrimis
573 582 657 632 ipso
690 579 887 619 modulata
918 579 1052 618 dolore

133 642 259 682 Verba
291 653 387 681 sono
420 641 531 679 tenui
563 651 742 678 maerens
774 637 989 690 fundeb‘at3
1022 643 1066 677 ut
1098 637 1190 677 olim

46 709 114 741 430
135 701 315 740 Carmina
345 701 423 739 iam
454 700 626 738 moriens
659 699 763 736 canit
795 696 1009 748 exequialia
1042 708 1212 748 cygnus.

136 759 324 799 Luctibus
357 763 576 797 extremum
608 762 747 796 tenues
778 755 988 807 liquefacta
1018 754 1207 794 medullas

135 818 305 870 Tabuit,
337 818 456 868 inque
488 816 592 855 leves
623 814 808 867 paulatim
840 815 997 853 evanuit
1028 825 1164 852 auras.
1207 821 1236 850 f.
1258 821 1358 848 cxciv.

136 877 251 916 Fama
282 882 413 916 tamen
445 876 595 927 signata
625 873 711 913 loco
745 878 832 926 est,
864 884 982 924 quem
1012 873 1088 912 rite
1121 871 1331 911 Canentem

135 936 300 975 Nomine
332 935 380 974 de
412 933 603 986 nymphae
635 938 788 977 veteres
820 931 953 970 dixere
987 930 1176 970 Camenae
1191 927 1232 969 .''
1515 924 1533 979 33.

48 1002 116 1035 435
136 994 243 1034 Talia
274 993 395 1033 multa
426 992 523 1032 mihi
553 991 713 1043 longum
745 996 900 1030 narrata
931 1002 1002 1041 per
1034 1002 1180 1029 annum
1519 980 1538 1009 *²

136 1053 301 1104 Visaque
335 1057 455 1091 sun-t.
493 1050 643 1090 resides
676 1055 715 1089 et
747 1049 1004 1088 desuetudine
1037 1047 1138 1088 tardi

136 1112 290 1152 Rursus
321 1112 422 1149 inire
454 1111 629 1161 fretum,
660 1120 802 1148 rursus
834 1107 925 1146 dare
958 1107 1041 1146 vela
1073 1105 1278 1146 iubemur:

138 1171 417 1222 Ancipitesque
448 1169 530 1207 vias
563 1172 602 1206 et
633 1168 708 1206 iter
740 1166 891 1205 Titania
925 1172 1078 1204 vastum

137 1229 297 1268 Dixerat
329 1233 368 1267 et
399 1228 503 1266 saevi
534 1231 684 1265 restare
716 1224 890 1277 pericula
922 1225 1055 1276 ponti.

50 1295 119 1328 440
137 1288 329 1328 Pertimui
346 1318 357 1339 ‚
390 1287 543 1325 fateor:
576 1289 791 1335 nactusque
824 1283 898 1322 hoc
930 1283 1051 1336 litus,
1083 1283 1239 1322 adhaesi
1255 1278 1278 1320 .’

197 1346 370 1386 Finierat
400 1344 630 1383 Macareus.
668 1354 846 1393 urnaque
879 1342 1022 1380 Aeneia
1053 1343 1186 1380 nutrix

140 1405 303 1444 Condit-a
333 1414 551 1444 marmorea
583 1401 733 1441 tumulo
766 1400 883 1440 breve
917 1411 1075 1439 carmen
1106 1399 1295 1439 habebat:

140 1462 227 1503 ‘Hic
259 1474 320 1502 me
354 1462 525 1501 Caietam
557 1466 671 1499 notae
703 1460 860 1511 pietatis
893 1459 1073 1498 alumnus
1111 1465 1115 1469 ’

141 1523 326 1574 Ereptam
357 1519 536 1572 Argolico
570 1531 646 1570 quo
679 1517 844 1570 debuit,
874 1518 963 1568 igne
996 1517 1182 1556 cremavit
1195 1511 1222 1555 .'

52 1590 119 1621 445
142 1581 313 1620 Solvitur
343 1579 513 1618 herboso
546 1577 732 1628 religatus
764 1575 811 1615 ab
844 1587 984 1627 aggere
1016 1576 1143 1627 funis,

141 1640 190 1679 Et
220 1638 359 1691 procul
389 1637 549 1677 insidias
581 1636 867 1686 infamataeque
899 1634 1130 1685 relinquunt

141 1699 262 1737 Tecta
293 1697 415 1749 deae,
447 1696 636 1746 lucosque
668 1699 837 1746 petunt,
869 1692 937 1732 ubi
967 1692 1126 1731 nubilus
1159 1691 1295 1731 umbra

144 1757 186 1796 ln
217 1768 324 1795 mare
356 1767 447 1795 cum
478 1754 573 1793 ssava
604 1753 827 1806 prorumpit
858 1750 1025 1803 Thybris
1057 1751 1223 1789 harena.

144 1816 467 1867 Faunigenaeque
501 1813 615 1852 domo
648 1813 797 1864 potitur
829 1809 1177 1861 nataque'Datini‚

55 1882 122 1914 450
143 1874 228 1912 Non
261 1875 344 1912 sine
376 1873 498 1912 Marte
532 1877 691 1910 tamen.
730 1869 877 1909 bellum
909 1880 999 1908 cum
1031 1874 1146 1919 gente
1179 1867 1300 1906 feroci

146 1933 367 1983 Suscipitur
387 1964 397 1983 ,
422 1936 611 1982 pactaque
645 1930 740 1968 furit
770 1940 841 1980 pro
875 1929 1039 1978 coniuge
1066 1926 1248 1965 Turnus.

146 1991 356 2030 Concurrit
386 1989 494 2028 Latio
527 1988 744 2040 Tyrrhenia
776 1992 884 2038 tota,
917 1986 1061 2036 diuque

146 2049 275 2087 Ardua
308 2048 484 2087 sollicitis
516 2049 677 2086 victoria
710 2047 912 2097 quaeritur
943 2046 1084 2083 armis.

146 2110 271 2158 Auget
301 2113 468 2157 uterque
502 2118 591 2145 suas
625 2111 786 2144 externe
819 2103 961 2142 robore
994 2105 1121 2142 vires:

60 2175 125 2206 455
147 2166 196 2205 Et
227 2165 340 2204 multi
370 2164 536 2203 Rutulos
555 2196 566 2216 ‚
599 2164 710 2203 multi
742 2163 909 2201 Troiana
941 2167 1102 2200 tuentur

147 2225 281 2264 Castra
302 2255 310 2263 .
348 2235 476 2274 neque
509 2224 658 2261 Aeneas
692 2221 864 2260 Euandri
896 2221 942 2259 ad
976 2221 1106 2259 limina
1138 2219 1308 2271 frustra,

146 2284 195 2322 At
226 2282 398 2321 Venulus
431 2282 577 2320 frustra
609 2282 764 2332 profugi
797 2278 993 2318 Diomedis
1026 2278 1071 2316 ad
1105 2278 1245 2317 urbem
1297 2318 1302 2322 ⁵

148 2341 315 2380 Venerat
335 2372 343 2381 .
380 2340 444 2379 ille
478 2339 634 2391 quidem
668 2339 740 2379 sub
773 2338 911 2390 Iapyge
945 2338 1109 2376 maxima
1141 2336 1274 2376 Dauno

1530 1690 1538 1792 l

1532 1800 1538 1841 2

1534 1856 1538 1870 Ι
