1527 2580
560 155 591 189 V
610 182 618 199 ,
645 159 712 190 282
734 159 830 189 —355
845 181 852 188 .
997 167 1174 189 nenos-cs
1316 153 1371 195 97

154 265 258 305 Bella
290 267 396 304 canit
425 277 613 317 superum
647 265 820 315 falsoque
853 266 892 303 in
925 263 1072 302 bonore
1106 263 1285 313 Gigantas

65 332 135 364 320
154 324 298 376 Ponit,
331 330 370 363 et
400 330 588 363 extenuat
618 335 847 373 magnorum
880 323 979 362 sacta
1012 322 1198 361 deorum:

154 382 432 434 Emissumque
463 384 538 420 ima
571 381 619 420 de
650 382 742 421 sede
774 381 957 432 Typhoea
989 387 1116 420 terrae

156 441 368 481 Caelitibus
400 441 540 479 secisse
571 446 749 491 metum,
782 447 1024 491 cunctosque
1057 438 1210 478 dedisse

155 500 282 551 Terga
313 500 427 550 fugae
446 531 457 552 ,
488 499 614 538 donec
645 499 770 537 fessos
796 500 981 550 Aegyptia
1013 497 1129 537 tellus

157 558 314 610 Ceperit
345 565 385 597 et
414 564 566 609 septem
597 557 792 596 discretus
823 558 863 595 in
895 558 994 596 ostia
1025 556 1158 595 Nilus.

68 617 242 657 32511uc
274 629 432 668 quoque
464 617 701 667 terrigenam
732 616 885 654 venisse
916 614 1098 666 Typhoea
1131 620 1285 666 narrat,

156 675 206 715 Et
235 687 279 714 se
309 676 484 714 mentitis
516 687 680 725 superos
713 675 858 713 celasse
891 675 1049 725 figuris:
1255 681 1284 707 ί.
1304 680 1358 706 ιώ

157 730 354 785 “Duxque
385 730 531 785 gregis'
564 734 661 772 dixit
693 730 752 772 ‘fit
782 732 986 784 luppiter;
1024 731 1127 771 unde
1159 732 1336 770 recurvis

157 792 270 832 Nunc
289 804 446 844 quoque
467 793 656 830 formatus
675 790 792 842 Libys
812 797 873 830 est
887 803 975 830 cum
991 789 1175 829 cornibus
1190 790 1353 828 Ammon
1369 802 1377 828 ε

157 851 290 890 Delius
321 852 362 889 in
395 863 511 889 cervo
529 881 541 902 ,
573 849 702 901 proles
736 849 923 888 Semeleia
958 861 1098 900 capro,

71 919 139 950 330
158 909 249 948 Fele
281 921 393 948 soror
426 908 603 961 Phoebi,
635 911 744 947 nivea
778 909 958 946 Saturnia
991 919 1130 958 vacca,

157 968 270 1007 Pisce
302 966 433 1006 Venus
463 967 605 1019 latuit,
637 966 834 1017 Cyllenius
865 966 981 1005 ibidis
1014 966 1083 1004 alis
1097 961 1138 1003 .'’

158 1026 357 1065 Hactenus
389 1026 436 1064 ad
468 1025 657 1064 citharam
688 1025 833 1063 vocalia
865 1030 1040 1064 moverat
1065 1035 1155 1062 ora.

158 1085 364 1124 Poscimur
395 1083 565 1123 Aonides
597 1105 653 1112 -
686 1083 754 1122 sed
787 1085 950 1122 forsitan
982 1084 1059 1121 otia
1091 1093 1170 1120 non
1203 1082 1305 1132 sint,

159 1143 240 1183 Nec
272 1144 417 1182 nostris
448 1142 639 1194 praebere
671 1148 781 1181 vacet
813 1141 883 1181 tibi
914 1140 1093 1180 cantibus
1126 1151 1241 1179 aures
1255 1136 1291 1177 ‘P’

71 1211 139 1243 335
161 1200 232 1241 ‘Ne
264 1201 428 1254 dubita,
459 1206 713 1251 vestrumque
746 1200 839 1239 mibi
872 1200 977 1238 refer
1008 1199 1145 1238 ordine
1178 1194 1349 1236 carmen'

160 1260 284 1299 Pallas
316 1261 398 1313 ait,
430 1261 681 1310 nemorisque
713 1259 787 1297 levi
819 1258 998 1297 consedit
1026 1259 1068 1296 in
1098 1256 1260 1296 umbra.

161 1320 270 1358 Musa
302 1319 454 1358 refert:
486 1315 679 1356 ‘dedimus
712 1329 903 1356 summam
935 1317 1160 1356 certaminis
1192 1316 1284 1353 uni.

164 1378 328 1429 Surgit,
359 1383 400 1416 et
429 1378 613 1416 inmissos
643 1375 789 1415 hedera
821 1375 983 1415 collecta
1015 1373 1174 1425 capillos

163 1436 333 1487 Calliope
365 1435 550 1486 querulas
581 1440 842 1486 praetemptat
873 1433 1012 1485 pollice
1045 1431 1233 1482 chordas,

76 1504 144 1535 340
164 1495 290 1546 Atque
322 1494 418 1533 haec
448 1495 648 1544 percussis
674 1493 876 1544 subiungit
907 1494 1077 1531 carmina
1109 1491 1262 1529 nervis.

163 1551 324 1592 “Prima
356 1552 475 1591 Ceres
506 1564 609 1591 unco
641 1551 814 1602 glaebam
846 1550 1006 1589 dimovit
1037 1555 1194 1599 aratro,

162 1612 293 1651 Prima
323 1611 430 1650 dedit
460 1612 594 1662 fruges
625 1610 884 1660 alimentaque
917 1610 1023 1648 mitia
1055 1608 1197 1658 terriS,

163 1670 292 1709 Prima
326 1670 433 1708 dedit
462 1669 598 1720 leges:
630 1669 785 1708 Cereris
817 1674 910 1707 sunt
939 1669 1068 1706 omnia
1099 1676 1265 1704 munus.

164 1728 232 1767 llla
263 1729 435 1767 canenda
467 1728 563 1766 mihi
594 1733 681 1766 est.
719 1729 867 1766 utinam
904 1726 1019 1765 modo
1058 1724 1188 1764 dicere
1233 1734 1386 1774 possem

78 1796 146 1827 345
168 1787 347 1826 Carmina
379 1787 495 1838 digna
525 1786 626 1825 dea:
658 1792 765 1826 certe
797 1785 868 1823 dea
901 1785 1071 1823 carmine
1103 1783 1218 1833 digna
1251 1789 1329 1820 est.

166 1845 280 1885 Vasta
311 1845 508 1896 Giganteis
539 1846 689 1895 ingesta
721 1850 781 1882 est
812 1843 936 1881 insula
970 1841 1154 1880 membris

165 1904 366 1943 Trinacris
386 1936 396 1955 ,
429 1911 468 1942 et
499 1905 647 1953 magnis
680 1902 898 1941 sumac-tum
933 1901 1099 1940 molibus
1132 1906 1274 1949 urguet

167 1963 370 2002 Aetherias
389 1974 527 2001 ausum
560 1974 719 2012 sperare
751 1961 931 2011 Typhoea
965 1959 1101 1998 sedes.

167 2021 316 2060 Nititur
346 2021 411 2060 ille
444 2021 602 2071 quidem
622 2052 631 2070 ,
663 2026 889 2071 pugnatque
922 2029 1130 2069 resurgere
1163 2028 1302 2068 saepe:

80 2087 149 2120 350
168 2079 313 2118 Dextra
344 2079 413 2118 sed
445 2081 616 2118 Ausonio
649 2090 786 2117 manus
819 2083 880 2115 est
911 2076 1086 2116 subiecta
1116 2074 1281 2127 Peloro,

167 2137 322 2191 Laeva,
352 2137 532 2188 Pachyne
551 2169 562 2189 ‚
593 2136 693 2176 tibi:
725 2135 907 2187 Lilybaeo
939 2146 1056 2174 crura
1087 2139 1344 2186 prem-untur:

167 2196 359 2248 Degravat
390 2197 513 2234 Aetna
545 2201 690 2247 caput.
729 2194 802 2234 sub
834 2206 910 2245 qua
941 2194 1152 2245 resupinus
1183 2192 1350 2231 harenas

167 2254 349 2306 Eiectat,
380 2255 652 2305 flammamque
684 2254 793 2293 ferox
825 2255 946 2292 vomit
975 2264 1044 2291 ore
1075 2250 1309 2303 Typhoeus,

169 2313 294 2366 Saepe
325 2313 502 2353 remoliri
532 2312 703 2351 luctatur
735 2311 908 2363 pondera
939 2317 1093 2363 terrae,

82 2379 149 2412 355
170 2371 400 2425 oppidaque
432 2379 472 2411 et
501 2383 661 2423 magnos
693 2370 896 2410 devolvere
930 2381 1095 2422 corpore
1128 2374 1305 2408 montes:

123 2444 219 2474 OVI‘D
232 2465 239 2473 .
258 2445 311 2472 11.
1090 2440 1108 2470 7
