1518 2501
59 49 115 90 24
269 60 450 83 rmmnou
605 45 671 80 ME
680 44 818 80 TAMM
832 70 842 80 .

175 159 251 204 Qui
284 159 365 197 sera
398 156 563 196 terribili
595 155 786 194 iaculatur
818 153 979 193 fulmina
1010 154 1169 204 dextra,

175 217 258 255 Non
292 222 378 267 agat
409 216 479 253 hos
512 226 681 253 currus.
720 219 760 252 et
792 212 885 264 quid
918 212 1005 250 love
1026 213 1151 251 maius
1171 210 1392 252 habemus?

174 275 302 313 Ardua
334 276 458 325 prima
489 274 548 311 via
579 278 639 311 est
671 278 710 311 et
741 284 816 323 qua
847 273 909 310 vix
941 283 1052 309 mane
1084 276 1263 310 recentes

175 333 383 372 Enitantur
415 332 534 382 equi.
574 330 702 369 medio
736 337 796 369 est
827 330 1013 369 altissima
1045 329 1176 382 caelo,

111 400 153 431 65
176 391 283 430 Unde
316 403 420 429 mare
453 395 492 428 et
523 395 649 428 terras
681 390 755 440 ipsi
787 388 881 428 mihi
914 400 1028 439 saepe
1060 388 1192 426 videre

177 450 237 488 Fit
268 451 412 500 timor,
445 454 484 486 et
514 447 650 499 pavida
682 447 853 499 trepidat
884 446 1092 485 formidine
1123 453 1286 498 pectus,

173 508 313 546 Ultima
344 518 467 557 prona
498 508 558 545 via
590 512 649 545 est
680 512 720 546 et
751 513 839 557 eget
870 505 1134 544 moderamine
1167 512 1318 545 certos

174 567 285 605 Tunc
317 566 433 603 etiam
466 577 564 616 quae
597 577 659 604 me
691 564 879 604 subiectis
911 565 1057 615 excipit
1088 564 1228 615 undis,

173 624 228 663 Ne
262 625 365 662 serar
397 625 436 662 in
468 636 657 675 praeceps
676 654 688 676 ,
714 623 859 674 Tethys
891 623 990 661 solet
1021 624 1105 673 ipsa
1136 624 1287 662 vereri.

111 692 154 722 70
174 683 279 721 Adde
313 682 417 733 quod
449 682 603 721 assidua
635 683 786 733 rapitur
819 682 1008 732 vertigine
1042 680 1192 720 caelum

177 741 391 791 Sideraque
424 740 498 779 alta
530 740 649 779 trahit
674 740 872 790 celerique
899 739 1094 778 volumine
1126 745 1307 790 torquet.

173 799 284 838 Nitor
315 801 355 838 in
388 799 624 851 adversum,
655 811 728 837 nec
760 811 821 837 me
855 799 919 849 qu'
954 803 1114 849 cetera,
1146 799 1267 836 vincit

174 858 346 909 Impetus
365 889 376 909 ,
408 864 446 897 et
476 857 612 908 rapido
645 859 866 896 contrarius
898 869 919 895 e
969 856 1042 894 hor
1073 855 1183 895 orbi.

173 917 293 967 Finge
326 916 436 955 datos
469 928 640 955 currus:
679 915 772 966 quid
805 927 895 967 ages
914 913 937 954 ⁴?
967 916 1168 966 poterisne
1201 915 1336 954 rotatis

110 983 152 1013 75
174 974 320 1013 Obvius
351 976 408 1013 ire
440 974 539 1025 polis
559 1006 570 1026 ‚
601 987 650 1013 ne
682 981 720 1013 te
753 975 854 1012 citus
886 974 1038 1012 auferat
1068 971 1185 1012 axis?

173 1034 351 1072 Forsitan
384 1039 423 1071 et
453 1033 563 1072 lucos
594 1033 672 1071 illic
704 1032 903 1083 urbesque
936 1032 1100 1071 deorum

174 1091 377 1142 Concipias
404 1093 531 1129 animo
564 1090 806 1141 delubraque
839 1091 934 1129 ditia
966 1090 1078 1128 donis

173 1149 269 1188 Esse
290 1147 311 1188 Ρ
342 1161 413 1200 per
443 1149 604 1188 insidias
635 1151 711 1188 iter
743 1155 804 1187 est
835 1149 1059 1199 formasque
1092 1149 1289 1187 serarum.

174 1208 300 1258 thue
333 1209 432 1246 viam
464 1213 598 1246 teneas
630 1207 816 1258 nulloque
850 1219 985 1246 errore
1018 1206 1209 1259 traharis,

109 1275 153 1306 80
173 1267 248 1305 Per
279 1272 409 1304 tamen
441 1266 593 1304 adversi
625 1266 814 1317 gradieris
846 1277 994 1304 cornua
1024 1265 1146 1304 Tauri

172 1325 487 1375 Haemoniosque
520 1336 635 1363 arcus
667 1324 905 1375 violentique
937 1336 1005 1362 ora
1036 1323 1179 1362 Leonis

175 1383 372 1434 Saevaque
405 1384 572 1422 circuitu
605 1389 832 1422 curvantem
862 1382 1045 1421 bracchia
1076 1382 1192 1433 longo

175 1441 365 1493 Scorpion
398 1447 514 1492 atque
552 1441 664 1480 aliter
702 1447 930 1481 curvantem
967 1441 1149 1480 bracchia
1181 1440 1396 1481 Cancrum.

174 1500 254 1539 Nec
286 1500 357 1539 tibi
389 1500 662 1552 quadrupedes
694 1502 890 1539 animosos
921 1499 1079 1551 ignibus
1110 1499 1210 1552 illis,

107 1567 150 1598 85
174 1559 279 1604 Quos
311 1560 350 1597 in
383 1565 543 1613 pectore
576 1559 748 1611 habent,
780 1571 879 1610 quos
899 1571 968 1597 ore
1000 1566 1041 1598 et
1059 1558 1220 1597 naribus
1241 1559 1398 1612 efflant,

176 1618 219 1656 In
250 1624 434 1668 promptu
467 1630 605 1668 regere
631 1624 719 1657 est.
758 1619 821 1656 vix
847 1629 909 1656 me
928 1619 1133 1669 patiuntur
1152 1649 1164 1670 ,
1193 1617 1263 1657 ubi
1287 1630 1397 1658 acres

175 1675 375 1714 Incaluere
408 1677 556 1728 animi,
588 1678 798 1727 cervixque
830 1682 1024 1727 repugnat
1054 1675 1238 1716 habenis.

175 1735 222 1772 At
251 1741 295 1773 tu
313 1766 325 1787 ,
356 1735 501 1773 funesti
533 1746 582 1773 ne
614 1736 688 1773 sim
718 1734 789 1773 tibi
820 1736 996 1774 muneris
1027 1741 1188 1787 auctor,

176 1792 271 1831 Nate
291 1824 302 1844 ,
334 1805 425 1832 cave
444 1825 456 1845 ‚
488 1793 581 1831 dum
613 1806 757 1844 resque
791 1795 912 1846 sinit,
942 1798 1010 1832 tua
1043 1794 1197 1844 corrige
1229 1800 1339 1833 vota.

113 1860 157 1890 90
180 1851 337 1890 Scilicet
367 1858 412 1890 ut
442 1857 578 1890 nostro
603 1853 779 1903 genitum
811 1858 849 1890 te
881 1852 1263 1904 sangtfflcredas,

176 1909 341 1959 Pignera
372 1916 478 1949 certa
508 1912 610 1961 petis
629 1908 651 1949 ‘1³
682 1910 731 1948 do
763 1912 926 1962 pignera
957 1916 1065 1949 certa
1095 1910 1295 1963 timendo,

176 1966 226 2005 Et
256 1968 381 2017 patrio
412 1974 523 2019 pater
549 1981 634 2007 esse
667 1974 774 2008 metu
805 1968 953 2020 probor
972 1999 982 2009 .
1019 1969 1149 2020 aspice
1179 1969 1310 2008 vultus

178 2024 279 2063 Ecce
312 2037 418 2064 meos
439 2057 447 2065 .
485 2029 713 2078 utinamque
745 2027 880 2066 oculos
911 2029 951 2066 in
983 2033 1143 2078 pectora
1173 2040 1311 2079 posses

178 2083 357 2121 lnserere
376 2115 387 2135 ‚
418 2090 457 2122 et
487 2087 631 2135 patrias
662 2088 769 2125 intus
802 2085 1045 2138 deprendere
1078 2085 1216 2125 curas!

121 2150 163 2180 95
186 2141 360 2192 Denique
381 2143 565 2193 quicquid
586 2143 702 2183 habet
722 2145 829 2183 dives
848 2177 859 2196 ‚
891 2146 1150 2196 circumspice
1167 2176 1180 2197 ‚
1206 2145 1399 2196 mundus,

179 2199 289 2250 Eque
322 2206 380 2238 tot
411 2213 455 2239 ac
487 2203 604 2240 tantis
637 2202 732 2241 caeli
764 2209 974 2254 terraeque
1006 2205 1204 2254 marisque

179 2257 302 2297 Posce
334 2257 448 2297 bonis
475 2259 619 2310 aliquid
640 2290 649 2299 .
687 2260 832 2300 nullam
862 2263 1012 2313 patiere
1043 2262 1263 2313 repulsam.
