1527 2580
591 113 663 159 Vl,
691 117 897 149 261—334.
1033 129 1193 152 monim-:s
1330 119 1409 160 115

193 222 332 264 Ultima
365 221 564 263 restabat:
597 235 711 275 quam
745 231 824 264 toto
857 237 1021 276 corpore
1054 233 1201 278 mater,

191 280 290 322 Tota
322 288 430 321 veste
463 288 599 333 tegens
631 279 762 322 ‘unam
796 284 1072 336 minimamque
1106 284 1305 336 relinque!

105 349 173 380 300
194 339 248 380 De
280 340 414 380 multis
446 342 645 380 minimam
677 339 811 393 posco’
845 342 1021 382 clamavit
1053 340 1107 382 ‘et
1139 356 1254 382 unam
1269 341 1293 382 .’

192 398 371 450 Dumque
403 405 543 452 rogat,
573 411 644 451 pro
672 412 746 450 qua
774 407 913 454 rogat,
945 401 1114 441 occidit.
1147 402 1241 441 orba
1268 403 1411 443 resedit

192 457 402 498 Exanimes
434 459 536 497 inter
569 464 680 497 natos
713 465 899 510 natasque
933 462 1161 514 virumque,

192 515 447 568 Deriguitque
480 516 589 556 malis
609 548 618 556 .
657 516 783 557 nullos
816 524 944 557 movet
974 531 1066 558 aura
1100 519 1281 572 capillos,
1307 529 1338 555 r.
1358 537 1408 555 xo.

191 574 234 615 ln
266 575 375 615 vultu
407 574 514 614 color
546 580 607 614 est
637 576 721 615 sine
753 578 940 627 sanguine
965 609 976 629 ,
1008 577 1152 616 lumina
1184 581 1342 618 maestis

105 640 173 672 305
195 633 307 673 Stant
338 635 481 673 inmota
515 635 653 685 genis:
686 634 781 673 nihil
814 642 874 673 est
905 637 943 674 in
976 637 1141 687 imagine
1173 638 1322 677 vivum.

193 692 280 744 {psa
312 704 467 744 quoque
500 693 666 732 interius
699 705 787 732 cum
819 694 917 732 duro
948 693 1079 746 lingua
1110 695 1235 746 palato

193 750 379 802 Congelat
396 782 408 803 ,
439 757 479 790 et
509 762 629 791 venae
661 751 856 791 desistunt
886 764 999 804 posse
1033 755 1202 806 moveri3

192 808 274 850 Nec
305 809 411 849 flecti
442 811 573 849 cervix
605 822 677 849 nec
709 809 890 849 bracchia
922 811 1087 850 reddere
1119 819 1248 851 motus

192 867 273 908 Nec
305 880 374 920 pes
405 870 463 907 ire
494 874 653 920 potest:
685 870 787 908 intra
819 881 975 921 quoque
1008 871 1155 909 viscera
1176 883 1310 911 saxum
1331 879 1411 912 est.

105 933 173 965 310
193 926 278 966 Flet
309 932 438 966 tamen
458 959 469 978 ,
500 933 540 966 et
571 926 683 966 validi
716 928 954 967 circumdata
986 928 1141 968 turbine
1174 931 1279 969 venti

193 984 238 1025 ln
263 987 431 1037 patriam
462 992 572 1037 rapta
605 992 692 1025 est.
732 985 783 1024 ibi
816 987 888 1025 fixa
921 989 1120 1026 cacumine
1154 989 1296 1027 montis

192 1042 373 1095 Liquitur
391 1075 403 1096 ‚
435 1049 474 1083 et
505 1043 682 1083 lacrimas
715 1046 831 1084 etiam
868 1057 973 1084 nunc
1011 1057 1204 1085 marmora
1235 1054 1411 1086 manant.

251 1102 353 1142 Tum
385 1114 477 1142 vero
510 1105 641 1142 cuncti
675 1104 917 1142 manifestam
950 1105 1120 1144 numinis
1153 1106 1248 1144 iram

193 1160 353 1201 Femina
384 1162 522 1213 virque
554 1163 722 1214 timent,
754 1161 940 1213 cultuque
972 1163 1176 1214 inpensius
1208 1176 1342 1203 omnes

106 1226 172 1258 315
193 1219 329 1271 Magna
359 1219 631 1271 gemelliparae
664 1226 899 1259 venerantur
931 1222 1090 1260 numina
1123 1221 1253 1261 divae.

193 1277 320 1329 thue
353 1279 425 1330 fit,
456 1290 477 1317 a
509 1278 609 1317 sacto
642 1279 826 1330 propiore
858 1280 990 1330 priora
1022 1286 1248 1319 renarrant.

192 1335 223 1376 E
257 1336 400 1388 quibus
432 1348 534 1376 unus
566 1338 648 1376 ait:
679 1334 832 1387 ‘Lyciae
866 1349 1021 1389 quoque
1054 1338 1194 1378 fertilis
1227 1340 1328 1390 agris

193 1394 278 1435 Non
311 1396 458 1447 inpune
489 1395 601 1435 deam
634 1401 785 1435 veteres
817 1408 1002 1447 sprevere
1035 1395 1183 1436 coloni.

192 1453 272 1493 Res
303 1453 470 1494 obscura
501 1454 660 1506 quidem
691 1460 751 1493 est
781 1453 1022 1506 ignobilitate
1054 1456 1250 1507 virorum,

107 1519 173 1551 320
193 1512 290 1552 Mira
321 1518 479 1552 tamen.
519 1512 595 1552 vidi
627 1524 814 1564 praesens
846 1519 1106 1564 stagnumque
1138 1513 1344 1565 locumque

193 1570 376 1623 Prodigio
408 1576 545 1611 notum
564 1602 573 1610 .
612 1583 700 1610 nam
732 1583 793 1611 me
825 1572 901 1611 iam
932 1572 1116 1623 grandior
1149 1584 1241 1612 aevo

195 1629 472 1682 inpatiensque
506 1630 588 1669 viae
619 1631 773 1681 genitor
804 1629 999 1669 deducere
1032 1630 1153 1670 lectos

192 1687 365 1728 Iusserat
394 1688 484 1727 inde
517 1687 636 1727 boves
654 1720 666 1740 ,
697 1689 903 1740 gentisque
936 1688 1038 1728 illius
1071 1690 1180 1728 eunti

193 1746 280 1798 lpse
312 1746 452 1787 ducem
485 1746 673 1786 dederat.
712 1759 802 1786 cum
832 1759 909 1798 quo
935 1746 1027 1786 dum
1061 1759 1204 1798 pascua
1237 1747 1383 1799 lustro,

107 1812 173 1844 325
192 1804 294 1845 Ecce
327 1804 414 1845 lacu
446 1805 574 1845 medio
606 1817 808 1844 sacrorum
841 1806 949 1857 nigra
983 1805 1108 1844 favilla

192 1864 269 1903 Ara
300 1870 412 1903 vetus
443 1863 599 1916 stabat,
630 1863 810 1903 tremulis
843 1863 1081 1903 circumdata
1115 1866 1271 1903 cannis.

192 1921 382 1974 Restitit,
414 1928 454 1962 et
483 1922 621 1974 pavido
654 1919 796 1961 ‘faveas
830 1919 939 1961 mihi'
972 1934 1173 1962 murmure
1206 1922 1302 1962 dixit

192 1979 277 2020 Dux
311 1993 451 2032 meus;
483 1987 522 2020 et
552 1980 669 2020 simili
701 1978 860 2020 ‘faveas’
893 1992 962 2032 ego
996 1993 1198 2020 murmure
1230 1980 1331 2020 dixi.

193 2038 381 2078 Naiadum
400 2071 411 2091 ,
443 2039 617 2079 Faunine
650 2039 751 2078 foret
783 2045 911 2079 tamen
944 2051 1008 2078 ara
1027 2072 1037 2091 ‚
1070 2038 1272 2091 rogabam,

106 2105 174 2137 330
195 2096 451 2149 indigenaeve
483 2097 574 2138 dei:
607 2110 695 2137 cum
729 2097 816 2136 talia
848 2096 1000 2137 rettulit
1031 2097 1197 2150 hospes:

194 2153 318 2195 “Non
348 2155 420 2195 hac
438 2187 449 2209 ,
480 2168 503 2195 ο
534 2157 687 2196 iuvenis
705 2187 716 2208 ,
748 2162 976 2196 montanum
997 2168 1141 2196 numen
1162 2157 1199 2195 in
1234 2168 1298 2195 ara
1330 2162 1411 2195 est.

192 2213 259 2254 Illa
290 2226 401 2254 suam
433 2220 544 2254 vocat
575 2214 698 2267 hanc,
730 2217 794 2255 cui
827 2214 1020 2266 quondam
1053 2216 1158 2267 regia
1191 2216 1360 2254 coniunx

192 2271 296 2312 Orbe
328 2272 559 2325 interdixit;
591 2284 706 2324 quam
738 2274 799 2312 vix
832 2275 998 2313 erratica
1028 2273 1143 2313 Delos

192 2329 401 2372 Errantem
432 2333 582 2385 accepit
600 2363 611 2383 ,
644 2337 726 2372 tum
758 2343 847 2372 cum
879 2331 974 2372 levis
1005 2331 1131 2372 insula
1165 2330 1301 2371 nabat.

261 2405 268 2412 .
1084 2399 1130 2433 8*
