1538 2496
131 90 215 132 '254
367 101 534 125 ACHILLES
686 86 898 122 METAMM
914 112 922 121 .

306 198 411 239 Haec
442 204 649 250 postquam
681 195 787 235 dulci
818 195 977 235 Neleius
1010 196 1132 236 edidit
1162 209 1254 250 ore,

251 259 279 296 A
312 269 494 297 sermone
527 256 631 294 senis
663 255 832 306 repetito
864 266 1028 295 munere
1061 254 1202 294 Bacchi

248 316 465 355 Sui-rexere
497 315 624 366 toris;
655 325 732 352 nox
764 318 824 352 est
855 312 943 352 data
975 319 1105 358 cetera
1137 325 1296 355 somn0.

159 383 227 415 580
306 374 354 413 At
386 374 482 412 deus
515 384 729 423 aequoreas
762 373 830 423 qui
862 372 1022 424 cuspide
1055 378 1248 424 temperat
1279 371 1426 426 undas,

247 433 290 471 In
322 431 523 471 volucrem
555 442 699 482 corpus
731 432 812 470 nati
842 429 1129 470 Phaethontida
1161 443 1318 471 versum

246 491 375 529 Mente
408 489 514 529 dolet
544 490 699 542 patria3
731 501 968 541 saevumque
1000 502 1166 542 perosus
1198 489 1385 530 Achillem

246 549 416 588 Exercet
447 560 644 587 memores
674 548 763 600 plus
796 560 912 599 quam
945 548 1112 588 civiliter
1143 550 1244 588 iras.

247 608 404 659 lamque
437 608 520 646 sere
554 612 678 646 tracto
712 607 788 646 duo
822 619 892 658 per
925 608 1193 659 quinquennia
1224 606 1326 646 bello

158 674 225 706 685
246 666 406 705 Talibus
437 667 638 705 intonsum
671 665 877 717 compellat
910 665 1111 705 Sminthea
1143 665 1280 706 dictis:

247 723 293 764 Ὃ
326 724 421 764 mihi
454 724 501 764 de
534 725 667 763 fratris
698 724 812 775 longe
844 726 1067 776 gratissime
1100 726 1224 777 natis,

245 783 360 823 Irrita
393 784 459 835 qui
490 795 646 822 mecum
676 784 846 835 posuisti
877 784 1031 822 moenia
1062 782 1227 836 Troiae,

245 842 397 893 Ecquid
415 874 427 895 ‚
458 841 527 881 ubi
558 841 628 880 has
660 843 736 880 iam
767 843 845 881 iam
877 853 1036 881 casuras
1068 843 1211 894 aspicis
1243 854 1377 894 arces,

245 901 415 952 Ingemis
434 898 456 939 ’ἓ
488 906 555 939 aut
588 900 728 951 ecquid
761 906 820 939 tot
851 899 1102 940 defendentia
1132 913 1268 940 muros

158 966 226 999 590
245 959 351 998 Milia
383 971 495 998 caesa
527 958 633 998 doles
654 957 675 997 Ῥ
706 959 847 1010 ecquid
866 991 878 1011 ,
910 971 958 998 ne
990 971 1208 1011 persequar
1239 971 1398 1012 omnes,

245 1017 426 1058 Hectoris
459 1017 597 1056 umbra
629 1016 736 1056 subit
767 1018 918 1056 circum
950 1030 1019 1057 sua
1050 1017 1240 1069 Pergama
1271 1014 1417 1058 tracti?

247 1076 344 1116 Cum
375 1082 507 1116 tamen
538 1076 602 1115 ille
634 1076 745 1115 ferox
777 1075 958 1128 belloque
991 1078 1194 1116 cruentior
1224 1078 1310 1128 ipso

245 1134 348 1174 Vivit
378 1135 505 1174 adhuc
523 1166 534 1187 ,
567 1136 697 1186 operis
729 1136 856 1174 nostri
887 1134 1124 1188 populator,
1155 1134 1346 1174 Achilles.

246 1193 320 1233 Det
351 1194 447 1232 mihi
479 1206 550 1246 se,
584 1194 670 1232 faxo
689 1225 701 1246 ‚
733 1193 879 1245 triplici
911 1194 1005 1245 quid
1038 1193 1200 1246 cuspide
1232 1195 1400 1246 possim,

157 1260 225 1294 595
247 1252 425 1292 Sentiat.
464 1258 503 1291 at
534 1253 720 1304 quoniam
752 1263 991 1292 concurrere
1024 1253 1243 1292 comminus
1273 1252 1377 1292 hosti

245 1311 331 1350 Non
364 1311 479 1351 datur
497 1343 508 1363 ‚
540 1310 694 1350 occulta
725 1312 963 1363 necopinum
994 1311 1116 1364 perde
1148 1312 1288 1363 sagitta
1302 1307 1327 1350 ξ’

246 1370 422 1422 Annuit,
453 1375 570 1420 atque
603 1371 732 1409 animo
764 1371 912 1421 pariter
943 1375 1164 1422 patruoque
1196 1382 1346 1421 suoque

246 1428 377 1468 Delius
408 1428 616 1479 indulgens
648 1427 792 1467 nebula
823 1428 972 1468 velatus
1003 1430 1044 1468 in
1077 1441 1215 1481 agmen

244 1487 428 1526 Pervenit
458 1486 619 1526 iliacum
635 1518 647 1539 ‚
679 1486 885 1538 mediaque
916 1489 958 1527 in
990 1487 1108 1526 caede
1139 1488 1315 1526 virorum

158 1555 225 1587 600
246 1546 346 1584 Rara
377 1557 449 1597 per
479 1547 633 1596 ignotos
665 1551 915 1597 spargentem
948 1547 1075 1585 cernit
1105 1545 1273 1585 Achivos

245 1604 338 1643 Tela
368 1603 516 1643 Parin:
548 1604 756 1655 fassusque
790 1604 937 1657 deum,
970 1601 1079 1656 ‘quid
1112 1604 1262 1656 spicula
1291 1604 1425 1656 perdis

247 1663 444 1714 Sanguine
475 1661 601 1714 plebis
620 1659 657 1701 P'
690 1663 743 1702 ait
761 1693 770 1702 .
811 1659 938 1714 ‘siqua
971 1668 1031 1702 est
1062 1662 1133 1702 tibi
1164 1674 1259 1702 cura
1290 1668 1472 1717 tuorum,

246 1721 407 1760 Vertere
438 1722 479 1760 in
511 1720 736 1774 Aeaciden,
767 1733 983 1779 caesosque
1015 1721 1207 1761 ulciscere
1239 1719 1420 1762 fratres?

246 1780 349 1819 Dixit
365 1811 378 1833 ‚
410 1784 450 1819 et
480 1780 693 1819 ostendens
726 1785 970 1819 sternentem
1001 1779 1142 1837 'ki-dica
1173 1781 1279 1820 ferro

157 1846 223 1879 605
245 1838 419 1890 Corpora
449 1837 640 1891 Peliden,
672 1850 787 1878 arcus
818 1838 989 1878 obvertit
1019 1840 1059 1878 in
1090 1838 1224 1891 iilum,

245 1896 438 1948 Certaque
470 1896 624 1936 letifera
656 1897 799 1936 direxit
830 1897 980 1949 spicula
1012 1898 1172 1937 dextra.

245 1955 357 2000 Quod
388 1955 569 1995 Priamus
601 1955 771 2007 gaudere
804 1967 923 1994 senex
956 1962 1045 2007 post
1075 1954 1245 1996 Hectora
1275 1963 1432 2010 posset,

245 2013 328 2053 Hoc
360 2014 434 2053 fuit
453 2045 462 2054 .
500 2013 565 2053 ille
597 2015 718 2065 igitur
749 2019 949 2054 tantorum
980 2015 1105 2054 victor
1123 2046 1135 2067 ‚
1165 2014 1338 2068 Achille,

246 2070 422 2111 Vinceris
454 2084 476 2111 a
507 2072 643 2111 timido
676 2072 813 2112 Graiae
845 2078 1002 2124 raptore
1034 2073 1220 2114 maritae!

158 2138 225 2170 610
245 2130 294 2168 At
324 2131 358 2168 si
389 2130 557 2170 femineo
591 2131 720 2170 fuerat
750 2130 822 2170 tibi
852 2131 975 2170 Marte
1008 2131 1250 2186 cadendum,

245 2187 600 2228 Thermodontiaca
631 2188 765 2228 malles
798 2189 987 2229 cecidisse
1018 2189 1201 2242 bipenni.

246 2245 326 2285 Iam
356 2247 473 2286 timor
505 2246 569 2286 ille
601 2247 829 2301 Phrygum,
862 2248 983 2288 decus
1015 2254 1055 2288 et
1086 2249 1207 2289 tutela
1238 2248 1390 2302 Pelasgi

245 2304 452 2357 Nominis,
483 2305 669 2344 Aeacides
688 2338 699 2359 ,
732 2312 849 2359 caput
879 2306 1145 2360 insuperabile
1176 2307 1302 2361 bello‘,
