1554 2506
132 76 189 117 40
346 88 524 111 ocrmmon
682 74 749 109 ME
755 74 896 109 TAMM
908 103 914 110 .

250 186 382 236 Teque
415 198 461 225 ex
493 191 651 224 aeterno
684 185 894 235 patientem
928 186 1086 225 numina
1116 187 1253 226 mortis
1333 197 1365 222 f.
1385 197 1469 225 xxu.

250 243 431 283 Efficient
449 276 459 296 ‚
493 243 744 294 triplicesque
777 242 870 282 deae
904 248 968 282 tua
1000 244 1061 282 fila
1092 244 1289 284 resolvent
1302 242 1327 284 .’

163 309 228 341 655
252 302 435 341 Restabat
466 302 554 340 fatis
586 300 730 351 aliquid
752 332 760 340 .
805 303 976 353 suspirat
1007 302 1054 341 ab
1087 304 1174 342 imis

248 361 478 399 Pectoribus
498 392 508 411 ,
540 360 798 410 lacrimaeque
831 362 941 411 genis
972 360 1158 400 labuntur
1190 361 1374 414 obortae,

249 420 372 469 Atque
405 421 456 457 ita
490 415 773 470 ‘praevertunt'
806 420 934 470 inquit
965 416 1041 458 ‘me
1074 420 1151 459 sata
1169 451 1180 472 ,
1212 427 1401 472 vetorque

248 477 362 516 Plura
394 477 530 529 loqui,
562 479 746 528 vocisque
779 489 887 516 meae
919 478 1187 529 praecluditur
1219 490 1338 518 usuS.

247 535 332 574 Non
365 535 520 574 fuerant
551 541 655 574 artes
688 537 813 589 tanti,
840 548 939 587 quae
971 538 1143 576 nunu'nis
1175 538 1273 576 iram

159 601 226 632 660
248 593 487 632 Contraxere
519 594 642 646 milii3
674 593 827 633 mallem
860 596 1033 634 nescisse
1066 596 1219 635 futura.

246 652 325 690 Iam
355 652 451 691 mihi
483 652 649 692 subduci
681 653 799 692 facies
831 653 1000 692 humana
1031 654 1210 706 videtur,

247 710 324 749 lam
356 710 467 749 cibus
499 710 621 750 herba
652 711 809 764 placet,
840 713 916 750 iam
948 712 1034 750 latis
1067 724 1229 751 currere
1261 715 1409 765 campis

246 769 418 820 Impetus
451 775 538 809 est:
570 771 610 808 in
643 782 782 820 equam
815 772 1056 828 cognataque
1089 782 1254 822 corpora
1284 777 1438 811 vertor.

245 827 342 866 Tota
373 833 504 866 tamen
537 840 657 879 quare
677 826 698 866 ?
729 833 841 880 pater
873 834 933 867 est
964 828 1058 867 mihi
1078 841 1218 881 nempe
1249 826 1468 869 biformis?

156 892 223 924 665
245 886 351 925 Talia
383 887 528 925 dicenti
559 899 649 937 pars
682 893 742 925 est
773 892 947 926 extrema
979 887 1174 938 querellae

245 944 446 984 Intellecta
477 957 615 996 parum
634 976 645 997 ‚
678 946 919 996 confusaque
951 945 1070 984 verba
1101 946 1286 986 fuerunt:

244 1002 332 1041 Mox
365 1015 438 1042 nec
470 1003 587 1042 verba
610 1004 766 1055 quidem
785 1036 796 1056 ‚
827 1016 900 1042 nec
921 1016 1044 1054 equae
1065 1016 1185 1043 sonus
1205 1004 1269 1043 ille
1289 1005 1469 1058 videtur,

245 1060 320 1100 Sed
353 1061 571 1100 simulantis
605 1074 774 1113 equam:
806 1074 1004 1113 parvoque
1041 1064 1081 1102 in
1120 1069 1297 1114 tempore
1337 1070 1467 1103 certos

241 1119 374 1158 Edidit
403 1120 580 1158 hinnitus
613 1126 652 1159 et
681 1120 865 1169 bracchia
896 1122 1016 1159 movit
1045 1122 1085 1159 in
1118 1121 1285 1175 herbas,

155 1185 222 1216 670
243 1177 343 1216 Tum
375 1178 485 1229 digiti
517 1182 661 1217 coeunt
692 1185 731 1217 et
762 1180 904 1230 quinos
935 1179 1063 1230 alligat
1095 1191 1247 1231 ungues

241 1236 438 1287 Perpetuo
471 1249 595 1275 cornu
621 1237 717 1276 levis
748 1237 894 1288 ungula
912 1269 923 1289 ‚
955 1238 1099 1276 crescit
1130 1244 1170 1277 et
1200 1240 1280 1277 oris

242 1294 291 1333 Et
323 1295 412 1333 colli
443 1297 641 1347 spatium3
673 1295 809 1346 longae
841 1307 931 1346 pars
964 1297 1129 1335 maxima
1161 1296 1283 1348 pallae

242 1352 370 1392 Gauda
402 1353 473 1405 fit,
505 1359 627 1404 utque
658 1356 744 1404 vagi
776 1355 905 1393 crines
936 1366 1007 1405 per
1039 1354 1136 1393 colla
1168 1355 1365 1409 iacebant,

241 1410 285 1450 ln
318 1412 474 1451 dextras
509 1411 640 1450 abiere
671 1412 812 1452 iubas:
843 1414 1069 1464 pariterque
1101 1419 1240 1452 novata
1272 1419 1333 1453 est

150 1477 215 1508 675
237 1469 286 1509 Et
317 1482 390 1508 vox
423 1477 462 1509 et
493 1470 640 1509 facies.
680 1483 822 1509 nomen
856 1483 1012 1521 quoque
1044 1477 1219 1511 monstra
1250 1472 1418 1512 dedere.

300 1528 435 1567 Flebat
453 1560 464 1581 ‚
496 1540 689 1580 opemque
721 1535 828 1567 tuam
860 1530 1007 1568 frustra
1031 1529 1252 1581 PhilyreIus
1283 1530 1425 1584 heros,

240 1586 424 1638 Delphice
443 1618 454 1639 ‚
485 1587 672 1638 poscebat
692 1618 700 1626 .
745 1599 833 1626 nam
865 1600 939 1626 nec
970 1588 1197 1628 rescindere
1229 1591 1358 1641 magni

239 1644 348 1684 Iussa
379 1645 480 1684 Iovis
511 1651 668 1697 poteras
687 1677 698 1697 ‚
729 1658 802 1684 nec
821 1677 832 1698 ,
864 1647 897 1685 si
928 1647 1154 1686 rescindere
1186 1659 1346 1700 posses,

243 1703 353 1742 Tunc
385 1703 551 1742 aderas.
594 1703 683 1742 Elin
714 1704 985 1755 Messeniaque
1018 1717 1108 1744 arva
1139 1705 1317 1745 colebas.

153 1762 338 1801 6801111111
370 1768 454 1801 erat
484 1767 640 1813 tempus
658 1794 670 1814 ‚
702 1774 778 1813 quo
812 1769 850 1801 te
882 1765 1054 1814 pastoria
1084 1763 1197 1815 pellis
1319 1774 1347 1799 t.
1369 1773 1461 1801 niu.

239 1821 351 1859 Texit
370 1852 380 1872 ,
413 1832 591 1872 onusque
624 1821 698 1859 fuit
730 1821 912 1860 baculum
945 1821 1122 1861 silvestre
1155 1824 1362 1875 sinistra-e,

239 1879 407 1917 Alterius
441 1879 571 1930 dispar
602 1881 776 1930 septenis
808 1880 937 1918 fistula
969 1881 1126 1933 cannis<

240 1937 417 1988 Dumque
451 1949 559 1976 amor
591 1945 651 1976 est
682 1950 800 1977 curae
819 1969 830 1990 ,
862 1938 955 1977 dum
987 1945 1025 1978 te
1056 1944 1123 1978 tua
1149 1939 1277 1979 fistula
1297 1940 1464 1994 mulcet,

239 1994 500 2034 incustoditae
532 1995 661 2047 Pylios
694 2002 963 2036 memorantur
993 1999 1033 2036 in
1066 2009 1180 2048 agros

151 2061 217 2092 685
238 2053 483 2092 Processisse
514 2054 661 2094 boves.
699 2055 804 2094 videt
834 2055 902 2094 has
933 2055 1128 2095 Atlantide
1153 2055 1252 2095 Maia
1320 2065 1350 2091 f.
1369 2065 1459 2092 xxiv.

246 2114 394 2165 Natus,
428 2117 466 2149 et
491 2119 573 2151 arte
607 2125 676 2152 sua
708 2113 815 2153 silvis
847 2113 1018 2153 occultat
1049 2113 1226 2154 abactas.

241 2170 427 2208 Senserat
452 2172 525 2208 hoc
558 2171 706 2210 furtum
738 2184 852 2211 nemo
870 2204 882 2225 ‚
913 2173 990 2212 nisi
1020 2179 1138 2212 notus
1168 2174 1210 2212 in
1239 2173 1304 2212 illo

238 2227 344 2267 Rure
378 2240 496 2266 senex
516 2259 526 2279 ,
558 2228 714 2268 Battum
747 2232 886 2269 vicinia
918 2236 999 2270 tota
1029 2230 1239 2270 vocabant.

237 2285 373 2324 Divitis
404 2285 467 2325 hic
500 2286 619 2326 saltus
651 2287 898 2339 herbosaque
930 2301 1074 2340 pascua
1104 2289 1213 2328 Nelei
