1527 2580
560 128 608 164 111
628 156 636 172 ,
663 132 846 166 214-287
861 157 868 164 .
1037 144 1165 166 εειειε
1326 133 1380 174 53

165 237 263 289 [Nec
296 239 371 278 nisi
402 238 510 277 finita
541 251 611 290 per
643 239 808 291 plurima
840 239 999 279 vulnera
1032 242 1106 279 vita

163 296 223 336 Ira
254 297 500 349 pharetratae
533 297 658 336 fertur
691 300 826 338 satiata
858 298 998 338 Dianae
1015 298 1041 350 .]

222 355 372 395 Rumor
401 357 442 395 in
474 354 654 407 ambiguo
688 363 776 396 est:
807 357 892 396 aliis
924 357 1129 397 violentior
1162 370 1284 409 aequo

164 413 252 454 Visa
283 414 355 453 dea
385 420 474 464 est,
505 414 569 453 alii
600 414 757 454 laudant
789 415 1021 467 dignamque
1054 428 1188 455 severa

76 479 143 512 255
162 472 393 524 virginitate
425 479 592 513 vocant.
637 485 726 525 pars
758 475 905 513 invenit
936 479 1102 526 utraque
1135 487 1294 514 causas.

165 531 254 571 Sola
286 530 386 570 Iovis
418 533 587 571 coniunx
621 544 699 571 non
732 538 810 571 tam
843 532 1025 584 culpetne
1057 533 1248 584 probetne

163 590 401 643 Eloquitur,
433 602 549 641 quam
581 589 688 630 clade
721 591 859 630 domus
892 591 938 630 ab
966 592 1141 642 Agenore
1169 592 1307 631 ductae

165 648 345 700 Gaudet,
376 654 416 688 et
446 660 468 687 a
498 648 615 700 Tyria
647 649 854 689 collectum
885 650 1030 702 paelice
1064 651 1251 690 transfert

163 707 207 747 ln
239 708 396 759 generis
427 709 554 746 socios
587 707 748 747 odium.
786 707 893 748 subit
924 721 1015 747 ecce
1047 709 1169 760 priori

77 773 144 806 260
164 766 288 806 Causa
319 777 459 805 recens
477 797 489 819 ,
519 766 794 818 gravidamque
827 766 932 806 dolet
963 767 1009 805 de
1042 769 1190 805 semine
1223 769 1349 817 magni

163 824 260 865 Esse
292 823 393 864 lovis
419 824 628 864 Semelen.
666 825 758 864 dum
791 825 960 876 linguam
993 825 1039 864 ad
1065 827 1189 876 iurgia
1222 825 1357 875 solvit,

165 880 335 923 ‘Proieci
366 883 460 934 quid
493 885 596 922 enim
628 886 772 922 totiens
804 896 875 934 per
907 885 1031 934 iurgia
1051 881 1086 922 ‘?'
1119 883 1216 922 dixit

165 939 268 993 ‘Ipsa
298 941 467 993 petenda
498 941 592 980 mihi
625 948 714 981 est:
744 943 868 993 ipsam
887 973 898 994 ‚
930 943 963 980 si
994 943 1159 980 maxima
1191 941 1286 980 luno

166 999 254 1040 Rite
286 1011 434 1052 vocor,
465 1000 626 1051 perdam
644 1031 655 1053 ‚
688 1001 721 1039 si
752 1012 814 1039 me
847 1002 1081 1051 gemmantia
1107 999 1242 1038 dextra

79 1065 146 1098 265
168 1058 332 1111 Sceptra
363 1064 500 1098 tenere
533 1058 674 1110 decet,
707 1060 740 1097 si
771 1071 858 1097 sum
891 1060 1025 1110 regina
1056 1058 1235 1109 Iovisque

164 1116 216 1157 Et
233 1129 347 1156 soror
366 1122 406 1156 et
425 1119 595 1156 coniunx
614 1148 625 1169 ,
657 1123 764 1156 certe
785 1129 897 1156 soror
918 1148 926 1156 .
958 1122 998 1155 at
1015 1148 1025 1169 ,
1051 1122 1146 1168 puto
1166 1148 1177 1169 ‚
1203 1117 1307 1156 furto
1330 1123 1389 1155 est

167 1175 359 1215 Contenta
390 1181 431 1214 et
460 1175 618 1214 thalami
650 1175 779 1214 brevis
812 1182 872 1214 est
902 1176 1045 1214 iniuria
1077 1177 1224 1214 nostri.

167 1232 374 1286 Concipit!
406 1233 445 1273 id
477 1233 638 1273 deerat!
671 1234 954 1285 manifestaque
987 1235 1149 1272 crimina
1180 1233 1294 1284 pleno

165 1292 260 1332 Fert
285 1298 398 1332 utero
431 1298 470 1332 et
501 1299 655 1344 mater,
688 1293 791 1343 quod
822 1294 885 1331 vix
917 1291 1012 1330 mihi
1044 1293 1238 1344 contigit,
1271 1303 1347 1329 uno

80 1359 146 1391 270
167 1351 222 1390 De
254 1351 343 1390 Iove
368 1350 450 1390 vult
481 1351 595 1390 fieri.
635 1350 759 1401 [tanta
791 1357 852 1390 est
882 1350 1023 1389 fiducia
1055 1351 1201 1389 formae
1218 1348 1246 1400 .]

167 1409 289 1449 Fallat
320 1421 404 1448 eam
430 1410 547 1450 saxo:
579 1421 652 1448 nec
684 1422 770 1449 sum
804 1409 986 1448 Saturnia
1005 1440 1016 1461 ,
1048 1410 1081 1448 si
1106 1420 1185 1447 non

167 1467 225 1507 Ab
257 1467 346 1507 Iove
378 1480 507 1507 mersa
539 1480 610 1514 suo
643 1468 795 1520 Stygias
827 1467 1049 1519 penetrabit
1081 1467 1127 1506 ad
1160 1465 1284 1505 undas
1296 1463 1319 1504 .'

169 1526 304 1578 Surgit
334 1525 382 1565 ab
413 1526 474 1566 his
506 1526 602 1565 solio
622 1559 633 1579 ‚
664 1526 844 1578 fulvaque
878 1525 1079 1566 recondita
1111 1524 1215 1564 nube

168 1584 305 1624 Limen
336 1584 416 1624 adit
449 1584 650 1625 Semeles.
690 1597 762 1625 nec
796 1584 920 1624 nubes
952 1591 1040 1624 ante
1074 1585 1261 1635 removit,

83 1651 150 1682 275
172 1643 296 1689 Quam
329 1643 525 1683 simulavit
554 1656 672 1683 anum
691 1675 702 1696 ,
732 1645 943 1696 posuitque
976 1642 1022 1681 ad
1054 1648 1230 1693 tempora
1253 1653 1392 1692 canos,

170 1701 420 1753 Sulcavitque
451 1708 582 1741 cutem
607 1704 745 1754 rugis,
777 1708 817 1741 et
848 1714 966 1741 curva
997 1701 1182 1740 trementi
1249 1708 1277 1733 t.
1299 1707 1391 1733 xxix-

169 1759 343 1800 Membra
374 1760 463 1800 tulit
492 1772 640 1813 passu3
672 1772 807 1799 vocem
840 1771 996 1811 quoque
1030 1760 1122 1798 fecit
1153 1757 1316 1809 anilem,

169 1818 334 1870 Ipsaque
366 1824 452 1858 erat
481 1818 605 1858 Beroe
624 1850 636 1871 ,
668 1818 841 1858 Semeles
873 1817 1082 1869 Epidauria
1108 1818 1262 1855 nutrix.

169 1876 272 1928 Ergo
304 1876 373 1916 ubi
404 1882 556 1929 captato
589 1889 770 1917 sermone
802 1877 948 1927 diuque
979 1874 1174 1927 loquendo

83 1942 151 1975 280
170 1935 226 1974 Ad
259 1947 402 1975 nomen
433 1947 577 1975 venere
608 1935 709 1974 lovis
728 1967 739 1988 ,
772 1936 943 1986 suspirat
974 1939 1014 1973 et
1045 1931 1177 1985 ‘opto‚

170 1993 346 2045 Iuppiter
376 1999 422 2033 ut
453 1996 505 2033 sit
522 1991 548 2047 ,'
581 1996 634 2033 ait
665 1991 813 2033 ‘metuo
846 1999 976 2032 tamen
1009 1993 1160 2031 omnia.
1192 1989 1304 2030 multi

170 2051 334 2091 Nomine
367 2051 546 2092 divorum
578 2052 765 2091 thalamos
797 2052 923 2090 iniere
953 2049 1141 2102 pudicos.

171 2109 254 2149 Nee
285 2115 415 2150 tamen
447 2122 534 2150 esse
567 2110 696 2150 Iovem
729 2111 822 2149 satis
855 2115 944 2148 est:
976 2109 1042 2148 det
1066 2109 1208 2160 pignus
1229 2107 1393 2157 amoris,

172 2167 213 2207 Si
244 2168 360 2208 modo
392 2180 509 2208 verus
541 2170 574 2208 is
606 2175 696 2208 est:
727 2173 976 2219 quantusque
1008 2173 1048 2206 et
1085 2166 1208 2218 quaHs
1241 2165 1287 2204 ab
1320 2164 1394 2203 alta

85 2233 151 2265 285
171 2226 322 2266 Iunone
353 2228 548 2278 excipitur
566 2259 577 2279 ‚
609 2232 741 2266 tantus
772 2226 937 2277 talisque
956 2257 968 2278 ,
999 2231 1158 2277 rogato,

171 2284 245 2324 Det
275 2284 347 2325 tibi
378 2285 604 2337 complexus
622 2316 634 2338 ‚
665 2297 813 2336 suaque
846 2290 935 2324 ante
966 2285 1132 2335 insignia
1164 2287 1291 2321 sumat
1305 2278 1327 2320 .'

171 2342 329 2383 Talibus
361 2345 535 2396 ignaram
567 2343 664 2383 luno
696 2343 902 2383 Cadmeida
934 2342 1048 2382 dictis
