1538 2496
124 125 215 167 290
394 138 492 161 emes
678 123 894 158 METAMM
906 150 914 158 .

244 235 294 275 Et
324 237 452 286 tetigit
484 245 656 273 summos
688 234 795 284 virga
827 232 897 272 dea
930 233 1013 272 dira
1046 233 1228 287 capillos,
1262 255 1314 263 —

244 294 294 333 Et
319 295 440 345 pudet
465 299 504 331 et
529 292 699 330 reseram
719 313 773 318 —
795 292 912 330 saetis
937 291 1170 331 horrescere
1195 295 1329 347 coepi,
1354 302 1381 330 ι.
1400 308 1472 329 cxc.

158 361 225 391 ‘280
246 352 326 390 Nec
359 354 434 390 iam
465 362 581 402 posse
614 349 750 403 loqui,
781 361 852 401 pro
885 349 1014 389 verbis
1047 350 1164 389 edere
1195 362 1359 391 raucum

244 411 422 449 Murmur
441 441 452 461 ‚
485 415 524 448 et
554 410 594 447 in
626 414 773 447 terram
805 414 886 447 toto
918 408 1179 459 procumbere
1211 411 1344 464 vultu3

247 468 378 519 Osque
411 479 543 506 meum
575 468 680 506 sensi
710 466 838 518 pando
871 466 1130 506 occallescere
1161 474 1316 523 rostro,

246 526 351 566 Colla
383 531 537 565 tumere
570 527 667 564 toris
686 557 698 578 ‚
730 531 769 564 et
801 537 876 576 qua
907 525 1022 563 modo
1054 525 1194 577 pocula
1224 533 1336 580 parte

247 585 409 636 Sumpta
440 584 536 622 mihi
568 584 752 636 fuerant,
783 583 848 622 illa
879 585 1041 635 vestigia
1073 585 1170 623 feci.
1533 550 1538 610 1

158 652 224 684 285
246 643 421 694 Cumque
456 642 591 682 eadem
622 643 747 694 passis
779 663 835 669 —-
866 648 1019 681 tantum
1051 643 1306 682 medicamina
1532 623 1538 671 3

1194 699 1382 753 possunt!
1415 722 1472 730 —
1533 699 1538 745 i

247 760 414 800 Claudor
446 761 540 799 hara
560 791 568 800 .
609 760 814 810 solumque
850 761 932 799 suis
965 761 1139 799 caruisse
1171 761 1295 811 figura
1533 758 1538 780 ¹

246 819 421 858 Vidimus
453 818 750 870 Eurylochum:
783 818 890 858 solus
922 817 1009 872 data
1040 818 1181 869 pocula
1213 820 1334 870 sugit.

247 878 353 923 Quae
386 879 462 917 nisi
492 880 682 930 vitasset,
713 879 868 928 pecoris
899 889 990 928 pars
1022 889 1099 916 una
1130 889 1330 916 manerem

246 937 359 976 Nunc
392 948 548 987 quoque
581 937 793 988 saetigeri,
824 948 898 975 nec
929 941 1059 974 tantae
1092 935 1211 975 cladis
1244 935 1291 974 ab
1322 935 1389 975 illo

159 1002 226 1035 290
247 995 401 1034 Certior
432 995 479 1033 ad
513 994 653 1033 Circen
684 994 790 1033 ultor
820 995 992 1033 venisset
1022 993 1175 1033 Ulixes.

246 1054 400 1092 Pacifer
431 1053 523 1092 huic
556 1053 717 1092 dederat
747 1053 885 1091 ssorem
918 1052 1113 1103 Cyllenius
1146 1052 1300 1106 album,

246 1112 347 1163 Moly
379 1120 518 1151 vocant
549 1113 712 1163 superi:
744 1113 855 1162 nigra
886 1111 1016 1150 radice
1048 1116 1229 1150 tenetur.

246 1171 372 1209 Tutus
406 1183 451 1209 eo
484 1172 722 1221 monitisque
755 1169 869 1209 simul
903 1168 1137 1209 caelestibus
1167 1171 1289 1210 intrat

246 1230 313 1268 lile
346 1229 505 1268 domum
538 1228 701 1281 Circes,
734 1234 773 1268 et
803 1228 850 1267 ad
882 1227 1069 1267 insidiosa
1099 1234 1260 1267 vocatus

158 1296 224 1328 295
246 1288 389 1327 Pocula
407 1320 418 1340 ,
451 1293 658 1327 conantem
689 1289 797 1338 virga
828 1287 1002 1326 mulcere
1034 1286 1194 1338 capillos

246 1347 459 1399 Reppulit,
491 1352 531 1385 et
562 1347 698 1385 stricto
730 1345 909 1397 pavidam
939 1345 1134 1385 deterruit
1164 1357 1281 1385 ense.

245 1405 338 1444 Inde
371 1405 467 1444 fides
500 1405 738 1455 dextraeque
771 1404 911 1444 datae:
942 1403 1190 1456 thalamoque
1222 1410 1407 1457 receptus

247 1464 427 1514 Coniugii
459 1463 590 1502 dotem
622 1465 820 1502 sociorum
853 1475 1019 1514 corpora
1049 1465 1199 1514 poscit.

248 1522 476 1573 Spargimur
507 1524 661 1573 ignotae
694 1523 798 1561 sucis
830 1520 1058 1560 melioribus
1090 1521 1260 1574 herbae,

158 1590 226 1621 300
245 1581 551 1632 Percutiturque
583 1585 701 1632 caput
731 1591 941 1619 conversae
973 1579 1138 1619 verbere
1168 1581 1323 1634 virgae,

245 1639 452 1690 Verbaque
485 1640 670 1678 dicuntur
702 1638 816 1678 dictis
849 1640 1045 1677 contraria
1075 1637 1229 1678 verbis:

247 1698 332 1744 Quo
365 1699 486 1749 magis
512 1698 575 1737 illa
601 1699 704 1737 canit
722 1729 733 1750 ‚
764 1698 886 1748 magis
912 1697 986 1736 hoc
1011 1696 1151 1736 tellure
1177 1697 1293 1737 levati
1338 1705 1367 1732 ε.
1387 1706 1471 1734 cxci.

245 1757 446 1808 Erigimur
464 1789 475 1809 ‚
507 1761 714 1807 saetaeque
747 1755 892 1795 cadunt
908 1788 920 1808 ‚
951 1755 1170 1806 bifidosque
1201 1756 1389 1808 relinquit

246 1816 356 1855 Rima
387 1816 537 1868 pedes,
568 1815 738 1854 redeunt
768 1816 896 1853 umeri
928 1820 969 1854 et
995 1813 1175 1855 subiecta
1206 1814 1363 1855 lacertis

158 1883 224 1915 305
245 1874 432 1914 Bracchia
465 1880 584 1914 sunt.
622 1874 782 1913 flentem
813 1873 952 1912 flentes
985 1873 1257 1924 amplectimur
1287 1875 1387 1927 ipsi,

246 1934 540 1984 Haeremusque
574 1933 686 1972 ducis
718 1932 845 1971 eollo.
884 1943 957 1971 nec
988 1931 1107 1971 verba
1136 1931 1260 1971 locuti

246 1991 330 2031 Ulla
360 1994 493 2043 priora
525 2004 661 2031 sumus
679 2023 690 2044 ‚
723 2002 839 2042 quam
871 2002 942 2030 nos
973 1991 1156 2030 testantia
1188 1995 1342 2042 gratos.

245 2051 383 2089 Annua
410 2063 480 2090 nos
512 2050 592 2090 illic
623 2051 751 2090 tenuit
775 2061 913 2089 mora:
944 2049 1144 2100 multaque
1175 2060 1364 2101 praesens

246 2109 441 2161 Tempore
472 2115 551 2149 tam
582 2109 697 2160 longo
728 2108 834 2162 vidi,
866 2107 989 2147 multa
1019 2107 1181 2147 auribus
1212 2107 1345 2147 hausi.

161 2177 229 2209 310
249 2167 333 2206 Hoc
359 2179 516 2219 quoque
541 2180 633 2207 cum
657 2167 791 2206 multis
809 2199 820 2220 ‚
853 2166 957 2218 quod
983 2166 1083 2206 elam
1107 2166 1203 2205 mihi
1222 2165 1374 2206 rettulit
1392 2177 1469 2206 una

246 2226 441 2273 Quattuor
473 2238 494 2265 e
526 2226 680 2266 famulis
713 2225 759 2265 ad
791 2225 882 2265 talia
913 2237 1023 2265 sacra
1053 2227 1222 2277 paratis.

247 2285 343 2324 Cum
377 2285 477 2324 duce
508 2297 676 2336 namque
708 2296 796 2324 meo
828 2284 942 2324 Circe
973 2283 1067 2323 dum
1097 2283 1179 2323 sola
1202 2288 1402 2337 moratur,

244 2343 314 2383 Illa
344 2343 440 2383 mihi
470 2344 582 2382 niveo
615 2344 761 2383 factum
793 2342 840 2383 de
873 2354 1065 2382 marmore
1097 2336 1282 2395 signum*

1534 519 1538 526 ..
1536 497 1538 507 -
1530 381 1538 485 .-——2
1531 317 1538 375 Λ.-.-
1531 232 1538 307 4—-
