1554 2506
116 72 196 114 166
341 85 533 108 acarnanas
665 73 881 108 METAMM
895 101 902 107 .

228 183 340 229 Quod
372 185 473 234 gerit
504 183 567 221 i-lla
585 214 596 234 ,
628 183 754 222 doce:
785 195 1019 235 quamquam
1051 196 1130 223 non
1156 196 1232 224 una
1258 185 1411 225 videtur
1427 183 1448 223 .·”

226 242 360 280 Amnis
393 241 438 280 ad
459 241 554 280 haec
587 237 680 279 ‘non
701 237 776 280 est'
801 242 929 293 inquit
961 240 1079 294 ‘quod
1100 244 1285 296 cernitis,
1305 256 1448 284 unum.

228 300 410 351 Quinque
442 301 572 338 iacent
602 304 760 339 terrae:
792 302 961 352 spatium
994 301 1219 341 discrimina
1249 301 1367 342 fallit.

227 358 391 409 Quoque
424 359 553 397 minus
586 363 741 409 spretae
774 358 918 398 factum
950 361 1094 399 mirere
1125 360 1292 414 Dianae,

139 424 205 456 580
225 416 302 467 Na·>
326 429 367 455 es
398 416 470 455 hae
503 417 687 469 fuerant,
719 428 818 469 quae
851 430 941 457 cum
973 418 1033 457 bis
1065 420 1238 470 quinque
1288 428 1316 454 t.
1339 428 1446 455 cxxix.

263 416 322 530 f
1165 479 1350 518 iuvencos

224 534 461 573 Mactassent
492 536 678 586 rurisque
711 535 805 575 deos
837 536 884 575 ad
917 548 1026 576 sacra
1057 543 1284 590 vocassent,

224 592 465 631 Inmemores
497 595 623 632 nostri
654 594 773 634 festas
805 594 952 634 duxere
986 595 1172 635 choreas.

223 651 395 690 Intumui
414 683 426 704 ‚
452 658 700 704 quantusque
733 653 838 692 seror
857 686 867 707 ‚
900 666 990 693 cum
1020 654 1214 705 plurimus
1240 667 1425 706 umquam
1440 687 1448 706 ,

226 710 374 749 Tantus
408 722 544 763 eram,
575 713 802 763 pariterque
836 714 975 751 animis
1006 714 1173 751 inmanis
1206 719 1245 752 et
1275 713 1391 753 undis

136 775 201 807 585
222 769 252 807 A
285 768 393 807 silvis
426 769 541 808 silvas
573 776 613 809 et
644 770 691 808 ab
724 772 826 809 arvis
859 782 949 809 arva
980 770 1149 824 revulsi,

223 827 399 879 Cumque
430 827 517 867 loco
537 829 726 880 nymphas
744 861 755 882 ‚
787 841 982 868 memores
1008 835 1092 869 tum
1112 830 1281 881 denique
1301 832 1447 883 nostri,

222 886 266 925 ln
297 886 398 925 freta
428 887 631 938 provolvi.
669 887 813 927 fluctus
845 894 1059 940 nosterque
1091 890 1289 940 marisque

222 944 456 984 Continuam
489 945 642 985 diduxit
672 946 836 986 humum
855 979 866 999 ‚
897 953 1110 998 partesque
1141 948 1302 987 resolvit

220 1003 264 1042 In
296 1004 461 1042 totidem
480 1037 491 1056 ,
523 1003 663 1043 mediis
695 1011 792 1056 quot
823 1007 954 1044 cernis
986 1005 1205 1045 Echinadas
1237 1005 1375 1045 undis.

133 1069 201 1100 590
221 1061 272 1100 Ut
297 1068 428 1101 tamen
459 1065 543 1114 ipse
576 1063 683 1102 vides
701 1096 712 1116 ,
743 1064 882 1115 procul
914 1077 963 1103 en
994 1064 1134 1116 procul
1169 1076 1247 1103 una
1283 1066 1447 1104 recessit

221 1120 353 1159 Insula
371 1153 382 1173 ,
414 1127 524 1172 grata
555 1122 679 1174 mihi3
711 1122 933 1161 Perimelen
964 1124 1092 1162 navita
1123 1122 1240 1162 dicit.

219 1179 320 1218 Huic
353 1191 424 1230 ego
456 1181 677 1230 virgineum
709 1180 872 1220 dilectae
904 1193 1048 1220 nomen
1080 1180 1228 1220 ademi.

222 1238 335 1283 Quod
355 1244 468 1289 pater
487 1238 750 1290 Hippodamas
771 1252 885 1291 aegre
917 1239 1007 1279 tulit
1024 1272 1036 1292 ,
1067 1241 1187 1290 inque
1206 1240 1444 1291 profundum

219 1296 399 1348 Propulit
431 1310 452 1335 e
485 1298 646 1349 scopulo
677 1300 877 1350 periturae
910 1310 1076 1350 corpora
1101 1304 1233 1337 natae.

219 1354 396 1408 Excepi,
428 1362 666 1408 nantemque
699 1357 830 1396 serens
862 1354 916 1396 “o
947 1359 1126 1409 proxima
1156 1357 1292 1396 mundi

133 1422 198 1453 596
219 1413 354 1464 Regna
384 1412 517 1465 vagae'
549 1415 629 1453 dixi
661 1412 813 1455 ‘sortite
845 1415 1069 1455 tridentifer
1100 1416 1251 1469 undae,

131 1480 196 1512 601
218 1473 337 1512 Adfer
369 1485 513 1525 opem,
545 1485 775 1525 mersaeque
794 1506 806 1526 ‚
836 1487 979 1526 precor
997 1507 1008 1527 ,
1039 1475 1194 1514 feritate
1223 1481 1386 1527 paterna

218 1531 273 1570 Da
291 1563 301 1583 ‚
333 1531 515 1583 Neptune
533 1564 544 1584 ,
576 1532 736 1585 locum3
768 1532 828 1571 vel
860 1535 911 1572 sit
940 1533 1050 1572 locus
1081 1535 1194 1586 ipsa,
1226 1532 1361 1573 licebit
1374 1530 1415 1573 .''

131 1597 197 1629 609
218 1589 319 1629 Dum
349 1590 520 1644 loquor,
552 1591 728 1643 amplexa
759 1597 820 1630 est
851 1598 960 1631 artus
992 1603 1091 1631 nova
1127 1597 1234 1631 terra
1264 1598 1444 1631 natantes

131 1656 199 1688 610
219 1648 269 1688 Et
299 1650 427 1700 gravis
458 1651 626 1688 increvit
656 1652 816 1689 mutatis
847 1650 975 1689 insula
1006 1647 1232 1690 membris?
1294 1660 1324 1686 ε.
1344 1667 1443 1685 cxxx-

276 1708 412 1746 Amnis
443 1707 490 1746 ab
522 1708 583 1746 his
615 1710 765 1748 tacuit.
804 1709 951 1748 factum
981 1708 1158 1748 mirabile
1191 1715 1356 1749 cunctos

222 1766 420 1805 Moverat.
459 1767 600 1806 irridet
630 1767 839 1806 credentes
858 1800 869 1820 ,
900 1773 1024 1819 utque
1055 1767 1221 1807 deorum

219 1824 384 1875 Spretor
416 1832 500 1864 erat
531 1827 753 1877 mentisque
786 1827 897 1865 ferox
927 1826 1061 1866 Ixione
1093 1832 1233 1878 natus,
1479 1876 1481 1878 q

219 1879 341 1922 ‘Ficta
380 1885 505 1923 refers
524 1916 535 1937 ,
573 1886 817 1936 nimiumque
856 1891 972 1936 putas
989 1917 1001 1937 ‚
1032 1885 1201 1935 Acheloe
1220 1916 1232 1937 ‚
1261 1891 1442 1937 potentes

129 1950 196 1981 615
217 1941 314 1981 Esse
349 1942 443 1982 deos
461 1940 488 1996 ,'
521 1943 619 1983 dixit
650 1940 699 1982 ‘si
730 1944 824 1982 dant
854 1943 1109 1995 adimuntque
1140 1944 1286 1995 figuras
1300 1940 1325 1982 .'

217 1999 453 2052 Obstipuere
486 2014 623 2042 omnes
641 2034 654 2055 ,
684 2014 758 2041 nec
788 2001 878 2041 talia
909 2001 1012 2041 dicta
1042 2002 1285 2055 probarunt3

215 2060 315 2098 Ante
348 2072 563 2112 omnesque
595 2059 744 2114 Lelex,
776 2062 904 2100 animo
937 2067 1116 2100 maturus
1148 2067 1189 2100 et
1218 2073 1337 2114 aevo,

217 2117 282 2156 Sic
313 2119 396 2157 ait:
429 2115 621 2158 ‘inmensa
653 2125 715 2158 est
745 2120 942 2171 finemque
973 2121 1150 2171 potentia
1182 2120 1278 2159 caeli

214 2176 302 2214 Non
322 2176 440 2215 habet
457 2209 468 2229 ‚
501 2183 540 2216 et
560 2177 747 2229 quicquid
768 2180 902 2229 superi
922 2178 1081 2217 voluere
1099 2209 1111 2231 ,
1135 2184 1340 2229 peractum
1359 2186 1439 2218 est.

127 2243 195 2275 620
217 2234 381 2286 Quoque
414 2237 544 2274 minus
576 2236 762 2290 dubites,
794 2236 898 2275 tiliae
931 2238 1175 2276 contermina
1206 2249 1377 2289 quercus

215 2292 388 2332 Collibus
420 2301 481 2333 est
511 2294 690 2347 Phrygiis
708 2327 719 2347 ‚
752 2295 904 2334 modico
937 2294 1179 2335 circumdata
1210 2307 1347 2336 muro:
