1554 2506
163 80 219 121 64
380 91 552 113 'rrmmnxt
711 75 921 111 METAMM
934 109 938 114 ,

280 189 364 235 Quo
397 189 523 227 merui
555 198 718 239 poenam
752 186 852 224 facto
872 181 894 223 ‘?
925 197 1022 236 quae
1055 184 1176 236 gloria
1208 192 1335 225 vestra
1368 193 1452 239 est„

193 255 258 288 655
281 248 320 287 Si
353 257 519 298 puerum
552 247 741 296 iuveneS,
774 244 806 282 si
838 242 949 282 multi
982 243 1112 283 sallitis
1145 256 1268 283 unum
1281 241 1333 284 ‘?”

279 305 493 345 Iandudum
525 302 693 341 ssebam.
730 301 908 341 lacrimas
941 314 1078 341 manus
1109 303 1214 354 inpia
1247 309 1400 342 nostras

279 364 394 403 Ridet
426 369 464 402 et
494 360 646 412 inpellit
674 359 976 412 properantibus
1008 372 1179 412 aequora
1210 362 1350 401 remis.

278 422 354 461 Per
386 420 456 460 tihi
487 431 591 458 nunc
622 420 781 471 ipsum,
809 433 883 461 nec
917 420 1020 458 enim
1052 421 1296 470 praesentior
1328 419 1392 459 illo

279 480 348 519 Est
379 479 476 518 deus
494 509 505 530 ,
537 477 672 516 adiuro
692 509 703 529 ,
734 482 812 516 tarn
844 489 905 516 me
937 477 1006 516 tihi
1039 488 1129 516 vera
1160 478 1334 531 referre,

192 548 257 579 660
278 539 402 585 Quam
433 537 516 575 veri
547 537 692 575 maiora
724 535 827 575 fide.
868 537 978 575 stetit
1008 548 1178 587 aequore
1210 538 1352 589 puppis

278 596 388 635 Haud
421 595 561 647 aliter,
593 605 708 646 quam
740 595 773 633 si
805 595 953 633 siccum
985 594 1116 634 navale
1149 601 1324 635 teneret.

277 655 335 694 Illi
367 653 602 693 admirantes
634 664 833 692 remorum
864 654 904 691 in
936 652 1099 692 verbere
1130 659 1334 706 perstant,

277 712 446 764 Velaque
479 711 706 764 deducunt,
738 712 840 762 gemi
922 723 970 750 ue
1002 723 1075 762 ope
1101 723 1264 751 currere
1284 718 1494 764 temptant.

276 771 499 823 Impediunt
528 769 697 809 hederae
728 723 1101 822 remoffiexuque
1133 782 1299 809 recurvo

191 839 256 871 665
279 830 452 882 Serpunt
484 834 523 868 et
553 828 720 880 gravidis
753 827 1001 879 distinguunt
1031 827 1111 867 vela
1145 828 1362 880 corymbis.

276 889 363 940 Ipse
395 888 636 927 racemiferis
668 887 837 925 frontem
869 886 1134 926 circumdatus
1165 888 1250 926 uvis

277 947 497 998 Pampineis
530 947 648 997 agitat
678 944 840 984 velatam
873 944 1077 984 frondibus
1108 945 1281 985 hastam.

278 1006 403 1051 Quem
435 1006 539 1043 circa
571 1005 692 1055 tigres
725 1003 1010 1054 simulacraque
1041 1005 1169 1043 inania
1201 1003 1357 1055 lyncum

275 1064 551 1114 pictarumque
583 1064 712 1101 iacent
742 1062 824 1101 fera
856 1074 1020 1112 corpora
1051 1061 1353 1112 pantherarum.

189 1130 256 1162 670
276 1122 459 1161 Exiluere
491 1121 593 1172 viri,
625 1121 705 1158 sive
737 1120 810 1158 hoc
842 1121 991 1158 insania
1023 1120 1116 1159 fecit
1127 1151 1138 1172 ‚
1331 1129 1359 1155 r.
1380 1129 1481 1156 xxxin

277 1180 365 1219 Sive
397 1181 542 1218 timor.
580 1180 809 1230 primusque
842 1177 981 1217 Medon
1013 1179 1239 1229 nigrescere
1271 1181 1400 1231 coepit

277 1238 474 1290 Corpore,
506 1243 545 1276 et
577 1249 762 1288 expresso
795 1238 928 1288 spinae
956 1238 1179 1276 curvamine
1205 1236 1333 1277 flecti.

276 1297 418 1348 Incipit
447 1295 539 1335 huic
570 1294 771 1346 Lycabas:
804 1291 876 1333 “in
908 1307 1006 1346 quae
1039 1292 1241 1334 miracula'
1274 1296 1371 1336 dixit

277 1352 465 1394 ‘Verteris
484 1350 536 1393 ‘?”
569 1359 609 1392 et
639 1353 705 1391 lati
736 1354 859 1392 rictus
892 1358 932 1392 et
961 1353 1087 1405 panda
1116 1353 1294 1405 loquenti

189 1420 254 1453 675
275 1413 388 1452 Naris
422 1418 532 1463 erat,
565 1423 802 1462 sannamque
835 1413 935 1451 cutis
968 1411 1105 1451 durata
1136 1412 1339 1452 trahebat.

275 1473 324 1511 At
354 1470 469 1522 Libys
502 1469 700 1509 abstentos
734 1469 826 1509 dum
857 1469 940 1509 vult
971 1469 1176 1510 obvertere
1207 1483 1362 1524 remos,

277 1530 320 1569 In
354 1531 521 1581 spatium
552 1527 704 1567 resilire
736 1540 875 1567 manus
907 1527 1025 1567 breve
1058 1528 1182 1581 vidit,
1214 1535 1253 1569 et
1283 1529 1368 1569 illas

276 1588 355 1627 Iam
388 1599 465 1626 non
499 1599 585 1626 esse
618 1598 755 1626 manus
774 1618 785 1639 ‚
817 1588 893 1626 iam
923 1588 1062 1638 pinnas
1093 1599 1210 1638 posse
1242 1590 1391 1627 vocari.

275 1647 382 1685 Alter
414 1645 461 1685 ad
493 1647 661 1685 intortos
693 1647 855 1696 cupiens
889 1645 979 1684 dare
1012 1644 1193 1685 bracchia
1225 1646 1338 1686 funes

188 1713 255 1745 680
275 1703 461 1744 Bracchia
492 1715 570 1743 non
602 1702 766 1755 habuit,
798 1709 1018 1755 truncoque
1049 1704 1246 1756 repandus
1278 1706 1317 1744 in
1350 1705 1473 1745 undas

276 1763 449 1814 Corpore
481 1761 667 1801 desiluit:
699 1761 835 1801 falcata
866 1763 1075 1802 novissima
1108 1763 1230 1803 cauda
1262 1769 1344 1817 est,

276 1821 411 1867 Qualia
442 1820 622 1860 dimidiae
654 1821 861 1859 sinuantur
893 1832 1040 1860 cornua
1070 1821 1208 1862 lunae.

276 1879 455 1930 Undique
488 1879 581 1918 dant
612 1879 732 1918 saltus
751 1910 762 1931 ‚
794 1879 994 1930 multaque
1026 1881 1231 1932 aspergine
1262 1886 1420 1932 rorant,

276 1937 571 1989 Emerguntque
591 1939 734 1977 iterum
753 1969 764 1989 ‚
789 1937 1034 1989 redeuntque
1055 1937 1128 1977 sub
1149 1950 1317 1990 aequora
1337 1950 1498 1990 rursus,

190 2003 255 2035 685
277 1995 397 2046 Inque
431 1996 540 2035 chori
571 1996 711 2035 ludunt
743 1997 913 2047 speciem
931 2028 942 2049 ,
973 1995 1193 2048 lascivaque
1224 1998 1369 2036 iactant

278 2053 450 2104 Corpora
483 2060 521 2093 et
553 2060 756 2106 acceptum
787 2054 929 2106 patulis
962 2066 1068 2094 mare
1101 2055 1262 2094 naribus
1295 2054 1448 2094 efflant.

277 2111 331 2150 De
364 2111 478 2150 modo
510 2114 674 2166 viginti,
706 2118 764 2153 tot
795 2114 899 2152 enim
931 2114 1025 2152 ratis
1057 2112 1121 2152 illa
1152 2112 1326 2166 ferebat,

276 2169 483 2209 Restabam
516 2170 621 2209 solus
641 2202 649 2210 .
687 2171 867 2222 pavidum
900 2171 1150 2223 gelidumque
1181 2173 1367 2211 trementi

278 2227 450 2279 Corpore
482 2229 622 2279 vixque
654 2241 785 2268 meum
817 2231 945 2269 firmat
975 2230 1071 2270 deus
1105 2227 1292 2269 “excute'
1324 2229 1459 2269 dicens

190 2293 256 2325 690
278 2282 419 2325 ‘Corde
452 2292 628 2338 metum,
661 2287 847 2338 Diamque
874 2294 964 2327 tene
985 2285 1026 2327 .''
1065 2287 1215 2328 delatus
1246 2290 1286 2327 in
1317 2287 1421 2327 illam
