1538 2496
72 146 156 187 324
268 155 499 179 assentiamus
622 140 834 175 METAMM
850 167 858 176 .

190 255 436 294 Conveniunt
467 262 630 302 operosa
662 249 754 303 dei,
787 262 939 301 quaque
973 251 1056 302 ipse
1088 253 1233 292 morari
1278 287 1281 292 .

191 313 290 352 Sede
323 311 442 362 velit,
474 310 595 360 signis
628 308 860 348 caelestibus
894 308 1068 362 indicet,
1100 318 1231 350 orant.

188 371 256 410 Vix
288 370 387 409 bene
419 368 644 420 desierant,
676 379 766 407 cum
798 368 927 407 cristis
960 379 1103 407 aureus
1134 369 1221 410 altis

102 430 230 470 670111
264 433 445 479 serpente
478 426 575 466 deus
607 427 840 478 praenuntia
871 425 982 466 sibila
1013 428 1120 467 misit
1245 436 1271 463 ι.
1292 437 1406 464 ccxvii.

187 488 441 537 Adventuque
474 497 545 524 suo
578 486 811 536 signumque
843 496 1008 536 arasque
1041 485 1224 538 foresque

189 546 529 595 Marmoreumque
561 543 687 583 solum
719 544 949 596 fastigiaque
982 555 1099 583 aurea
1131 546 1274 599 movit,

187 603 495 654 Pectoribusque
528 608 643 642 tenus
675 602 802 642 media
833 601 1011 642 sublimis
1042 604 1083 642 in
1115 603 1209 643 aede

189 663 371 701 Constitit
403 667 519 713 atque
552 661 686 701 oculos
719 661 961 701 circumtulit
991 663 1080 713 igne
1113 664 1325 704 micantes.

101 730 166 761 675
195 721 341 760 serrita
373 720 488 760 turba
519 726 659 772 pavet.
699 721 881 771 cognovit
911 722 1073 759 numina
1103 726 1231 760 castos

186 780 372 819 Evinctus
406 780 499 818 vitta
531 780 660 818 crines
693 779 846 818 albente
879 778 1086 831 sacerdos,

187 838 235 877 Et
267 835 386 877 ‘Deus
419 850 497 890 en3
530 837 626 877 deus
659 837 735 877 en!
769 839 908 876 animis
939 837 1163 889 linguisque
1195 839 1351 893 favete,

187 897 372 948 Quisquis
406 896 497 935 ades
518 893 541 936 l'
575 896 672 936 dixit
704 893 773 935 ‘sis
791 928 802 949 ,
835 908 856 934 o
889 896 1153 948 pulcherrime
1172 928 1183 950 ‚
1214 898 1321 938 visus

188 955 371 1008 Utiliter,
403 955 649 1007 populosque
674 957 785 994 iuves
817 960 881 994 tua
914 967 1024 994 sacra
1055 955 1229 996 colentes
1243 953 1268 995 .'

98 1023 165 1054 680
187 1014 373 1065 Quisquis
406 1015 543 1066 adest,
575 1016 702 1053 visum
732 1019 942 1053 veneratur
974 1026 1120 1054 numen
1138 1045 1150 1067 ,
1182 1020 1221 1055 et
1251 1027 1386 1055 omnes

185 1072 310 1112 Verba
342 1073 556 1112 sacerdotis
588 1073 768 1112 referunt
798 1074 992 1124 geminata
1009 1104 1020 1125 ,
1050 1074 1239 1125 piumque

185 1131 388 1171 Aeneadae
420 1136 623 1183 praestant
654 1137 693 1170 et
724 1137 854 1170 mente
887 1137 927 1171 et
956 1142 1051 1170 voce
1083 1131 1278 1172 favorem.

184 1191 332 1229 Annuit
363 1190 422 1228 his
441 1221 453 1243 ‚
483 1191 679 1240 motisque
712 1189 809 1229 deus
841 1194 924 1229 rata
955 1191 1117 1241 pignera
1149 1191 1278 1230 cristis

184 1248 235 1288 Et
265 1250 433 1300 repetita
465 1248 572 1287 dedit
601 1248 750 1287 vibrata
777 1248 888 1287 sibila
918 1247 1073 1300 lingua.

98 1315 163 1347 685
183 1307 284 1346 Tum
316 1306 501 1359 gradibus
533 1307 665 1346 nitidis
697 1307 891 1346 delabitur
909 1339 921 1360 ,
951 1319 1098 1359 oraque
1130 1312 1238 1348 retro

184 1366 324 1405 Flectit
355 1372 395 1405 et
426 1367 605 1417 antiquas
637 1365 815 1406 abiturus
847 1367 1010 1418 respicit
1039 1377 1150 1420 aras,

183 1425 448 1476 Assuetasque
481 1425 616 1464 domos
648 1424 896 1476 habitataque
928 1424 1073 1477 templa
1103 1425 1266 1466 salutat.

183 1483 278 1522 Inde
309 1495 381 1534 per
412 1485 567 1522 iniectis
599 1483 826 1535 adopertam
857 1483 1020 1523 floribus
1052 1485 1190 1535 ingens

185 1542 316 1593 Serpit
335 1542 518 1594 humum,
538 1541 738 1593 flectitque
759 1543 868 1581 sinus
881 1573 892 1595 ‚
912 1542 1158 1593 mediamque
1177 1554 1250 1595 per
1269 1542 1407 1583 urbem

97 1609 164 1640 690
185 1600 328 1639 Tendit
359 1601 406 1640 ad
438 1602 600 1640 incurvo
632 1602 805 1640 munitos
837 1612 978 1652 aggere
1010 1606 1171 1652 portus.

184 1659 345 1698 Restitit
374 1659 438 1698 hic
457 1690 468 1711 ‚
500 1670 717 1710 agmen-que
749 1671 866 1698 suum
898 1658 1115 1710 turbaeque
1146 1661 1349 1711 sequentis

185 1717 367 1756 Officium
397 1717 549 1769 placido
582 1719 688 1756 visus
722 1717 919 1757 dimittere
950 1717 1060 1757 vultu

184 1776 335 1827 Corpus
367 1777 408 1815 in
439 1776 610 1815 Ausonia
640 1777 772 1828 posuit
802 1781 914 1815 rate.
953 1777 1125 1816 numinis
1156 1775 1220 1816 illa

185 1834 316 1874 Sensit
347 1847 446 1874 onus
465 1866 476 1888 ,
507 1847 644 1886 pressa
677 1840 814 1886 estque
846 1834 909 1874 dei
939 1835 1064 1886 gravit
1105 1847 1126 1874 e
1159 1836 1312 1875 carina.

98 1902 162 1932 695
184 1893 385 1932 Aeneadae
417 1893 589 1944 gaudent
605 1925 617 1947 ,
650 1905 844 1945 caesoque
875 1894 916 1932 in
948 1893 1062 1932 litore
1093 1898 1206 1934 tauro

184 1952 302 1990 Torta
334 1958 541 1991 coronatae
573 1951 729 1992 solvunt
759 1951 976 1991 retinacula
1007 1951 1164 1992 classiS.

184 2009 396 2060 Impulerat
425 2010 521 2050 levis
553 2023 648 2050 aura
679 2016 832 2051 ratem:
864 2010 962 2050 deus
995 2011 1141 2050 eminet
1171 2010 1271 2064 alte,

184 2067 445 2119 Impositaque
477 2081 662 2121 premens
693 2072 856 2122 puppim
888 2070 1040 2109 cervice
1072 2081 1278 2109 recurvam

186 2126 392 2166 Caeruleas
424 2128 626 2179 despectat
657 2141 777 2180 aquas
796 2159 805 2168 .
843 2127 1087 2180 modicisque
1117 2140 1189 2181 per
1221 2140 1368 2181 aequor

99 2192 165 2223 700
185 2184 337 2223 Ionium
368 2186 546 2238 zephyris
578 2193 687 2226 sexto
719 2186 955 2226 Pallantidos
987 2192 1078 2227 ortu

184 2242 332 2281 Italiam
365 2246 521 2298 tenuit,
551 2251 786 2297 praeterque
818 2245 976 2285 Lacinia
1007 2246 1152 2298 templo

184 2301 393 2341 Nobilitata
425 2302 518 2342 deae
552 2303 813 2356 Scylaceaque
844 2304 959 2344 litora
990 2305 1140 2357 fertur,

112 2381 163 2386 -
185 2358 345 2412 Linquit
375 2360 569 2413 Iapygiam
587 2393 598 2415 ‚
630 2363 827 2416 laevisque
859 2363 1080 2417 Amphrisia
1110 2363 1230 2403 remis
