<?xml version="1.0" encoding="UTF-8"?>
<!DOCTYPE html PUBLIC "-//W3C//DTD XHTML 1.0 Transitional//EN"
    "http://www.w3.org/TR/xhtml1/DTD/xhtml1-transitional.dtd">
<html xmlns="http://www.w3.org/1999/xhtml" xml:lang="en" lang="en">
 <head>
  <title>
</title>
<meta http-equiv="Content-Type" content="text/html;charset=utf-8" />
  <meta name='ocr-system' content='tesseract 3.04.00' />
  <meta name='ocr-capabilities' content='ocr_page ocr_carea ocr_par ocr_line ocrx_word'/>
</head>
<body>
  <div class='ocr_page' id='page_1' title='image "./ovidopera02oviduoft_0307.png"; bbox 0 0 1527 2580; ppageno 0'>
   <div class='ocr_carea' id='block_1_1' title="bbox 472 115 1367 162">
    <p class='ocr_par' dir='ltr' id='par_1_1' title="bbox 472 115 1367 162">
     <span class='ocr_line' id='line_1_1' title="bbox 472 115 1367 162; baseline -0.001 -10"><span class='ocrx_word' id='word_1_1' title='bbox 472 116 566 160; x_wconf 75' lang='lat' dir='ltr'>XII,</span> <span class='ocrx_word' id='word_1_2' title='bbox 592 115 816 162; x_wconf 80' lang='lat' dir='ltr'><strong>577—X111‚</strong></span> <span class='ocrx_word' id='word_1_3' title='bbox 844 120 909 152; x_wconf 87' lang='grc'>17.</span> <span class='ocrx_word' id='word_1_4' title='bbox 959 128 1119 152; x_wconf 66' lang='lat' dir='ltr'>ACfflLLIS</span> <span class='ocrx_word' id='word_1_5' title='bbox 1138 129 1232 151; x_wconf 64' lang='lat' dir='ltr'>annu</span> <span class='ocrx_word' id='word_1_6' title='bbox 1282 116 1367 158; x_wconf 81' lang='lat'>255</span> 
     </span>
    </p>
   </div>
   <div class='ocr_carea' id='block_1_2' title="bbox 52 225 1396 1087">
    <p class='ocr_par' dir='ltr' id='par_1_2' title="bbox 141 225 1288 278">
     <span class='ocr_line' id='line_1_2' title="bbox 141 225 1288 278; baseline -0.001 -12"><span class='ocrx_word' id='word_1_7' title='bbox 141 227 329 267; x_wconf 90' lang='lat' dir='ltr'>Arserat.</span> <span class='ocrx_word' id='word_1_8' title='bbox 368 233 536 266; x_wconf 89' lang='lat' dir='ltr'>armarat</span> <span class='ocrx_word' id='word_1_9' title='bbox 567 226 664 266; x_wconf 87' lang='lat' dir='ltr'>deus</span> <span class='ocrx_word' id='word_1_10' title='bbox 696 226 828 278; x_wconf 87' lang='lat' dir='ltr'>idem,</span> <span class='ocrx_word' id='word_1_11' title='bbox 860 225 1042 278; x_wconf 83' lang='lat' dir='ltr'><strong>idemque</strong></span> <span class='ocrx_word' id='word_1_12' title='bbox 1075 233 1288 265; x_wconf 82' lang='lat' dir='ltr'>cremarat.</span> 
     </span>
    </p>

    <p class='ocr_par' dir='ltr' id='par_1_3' title="bbox 54 284 1396 572">
     <span class='ocr_line' id='line_1_3' title="bbox 54 284 1396 337; baseline -0.001 -12"><span class='ocrx_word' id='word_1_13' title='bbox 54 285 221 325; x_wconf 76' lang='lat' dir='ltr'>⁶15lam</span> <span class='ocrx_word' id='word_1_14' title='bbox 253 286 352 324; x_wconf 88' lang='lat' dir='ltr'>cinis</span> <span class='ocrx_word' id='word_1_15' title='bbox 384 290 472 337; x_wconf 83' lang='lat' dir='ltr'>est3</span> <span class='ocrx_word' id='word_1_16' title='bbox 505 290 544 324; x_wconf 87' lang='lat' dir='ltr'>et</span> <span class='ocrx_word' id='word_1_17' title='bbox 575 284 622 324; x_wconf 92' lang='lat' dir='ltr'>de</span> <span class='ocrx_word' id='word_1_18' title='bbox 658 290 733 324; x_wconf 87' lang='lat' dir='ltr'>tam</span> <span class='ocrx_word' id='word_1_19' title='bbox 766 296 904 336; x_wconf 85' lang='lat' dir='ltr'>magno</span> <span class='ocrx_word' id='word_1_20' title='bbox 937 290 1060 324; x_wconf 91' lang='lat' dir='ltr'>restat</span> <span class='ocrx_word' id='word_1_21' title='bbox 1090 284 1236 324; x_wconf 83' lang='lat' dir='ltr'><strong>Achille</strong></span> <span class='ocrx_word' id='word_1_22' title='bbox 1390 328 1396 335; x_wconf 43' lang='grc' dir='ltr'><strong><em>Ι</em></strong></span> 
     </span>
     <span class='ocr_line' id='line_1_4' title="bbox 139 342 1364 396; baseline -0.001 -13"><span class='ocrx_word' id='word_1_23' title='bbox 139 343 282 383; x_wconf 86' lang='lat' dir='ltr'>Nescio</span> <span class='ocrx_word' id='word_1_24' title='bbox 309 342 402 395; x_wconf 83' lang='lat' dir='ltr'>quid</span> <span class='ocrx_word' id='word_1_25' title='bbox 420 375 432 396; x_wconf 83' lang='lat'><em>‚</em></span> <span class='ocrx_word' id='word_1_26' title='bbox 457 355 614 395; x_wconf 88' lang='lat' dir='ltr'>parvam</span> <span class='ocrx_word' id='word_1_27' title='bbox 642 343 745 394; x_wconf 84' lang='lat' dir='ltr'>quod</span> <span class='ocrx_word' id='word_1_28' title='bbox 773 356 851 382; x_wconf 91' lang='lat' dir='ltr'>non</span> <span class='ocrx_word' id='word_1_29' title='bbox 871 343 970 382; x_wconf 87' lang='lat' dir='ltr'>bene</span> <span class='ocrx_word' id='word_1_30' title='bbox 993 343 1185 395; x_wconf 89' lang='lat' dir='ltr'>compleat</span> <span class='ocrx_word' id='word_1_31' title='bbox 1205 356 1364 383; x_wconf 86' lang='lat' dir='ltr'>urnam.</span> 
     </span>
     <span class='ocr_line' id='line_1_5' title="bbox 140 401 1171 454; baseline 0.001 -13"><span class='ocrx_word' id='word_1_32' title='bbox 140 402 190 441; x_wconf 88' lang='lat' dir='ltr'>At</span> <span class='ocrx_word' id='word_1_33' title='bbox 220 403 313 442; x_wconf 88' lang='lat' dir='ltr'>vivit</span> <span class='ocrx_word' id='word_1_34' title='bbox 344 407 471 441; x_wconf 90' lang='lat' dir='ltr'>totum</span> <span class='ocrx_word' id='word_1_35' title='bbox 503 414 602 453; x_wconf 90' lang='lat' dir='ltr'>quae</span> <span class='ocrx_word' id='word_1_36' title='bbox 635 401 756 453; x_wconf 85' lang='lat' dir='ltr'>gloria</span> <span class='ocrx_word' id='word_1_37' title='bbox 789 402 982 454; x_wconf 90' lang='lat' dir='ltr'>compleat</span> <span class='ocrx_word' id='word_1_38' title='bbox 1013 401 1171 442; x_wconf 90' lang='lat' dir='ltr'>orbem.</span> 
     </span>
     <span class='ocr_line' id='line_1_6' title="bbox 140 460 1174 512; baseline 0 -12"><span class='ocrx_word' id='word_1_39' title='bbox 140 460 244 500; x_wconf 84' lang='lat' dir='ltr'>Haec</span> <span class='ocrx_word' id='word_1_40' title='bbox 276 460 331 500; x_wconf 93' lang='lat' dir='ltr'>illi</span> <span class='ocrx_word' id='word_1_41' title='bbox 364 472 548 500; x_wconf 90' lang='lat' dir='ltr'>mensura</span> <span class='ocrx_word' id='word_1_42' title='bbox 579 461 662 499; x_wconf 84' lang='lat' dir='ltr'>viro</span> <span class='ocrx_word' id='word_1_43' title='bbox 695 460 908 512; x_wconf 82' lang='lat' dir='ltr'>respondet</span> <span class='ocrx_word' id='word_1_44' title='bbox 940 467 979 500; x_wconf 87' lang='lat' dir='ltr'>et</span> <span class='ocrx_word' id='word_1_45' title='bbox 1010 461 1081 500; x_wconf 90' lang='lat' dir='ltr'>hac</span> <span class='ocrx_word' id='word_1_46' title='bbox 1114 467 1174 500; x_wconf 87' lang='lat' dir='ltr'>est</span> 
     </span>
     <span class='ocr_line' id='line_1_7' title="bbox 140 518 1171 572; baseline 0.001 -14"><span class='ocrx_word' id='word_1_47' title='bbox 140 519 216 559; x_wconf 89' lang='lat' dir='ltr'>Par</span> <span class='ocrx_word' id='word_1_48' title='bbox 247 519 323 558; x_wconf 88' lang='lat' dir='ltr'>sihi</span> <span class='ocrx_word' id='word_1_49' title='bbox 353 518 507 558; x_wconf 86' lang='lat' dir='ltr'>Pelides</span> <span class='ocrx_word' id='word_1_50' title='bbox 526 551 537 572; x_wconf 89' lang='lat'>,</span> <span class='ocrx_word' id='word_1_51' title='bbox 569 531 642 558; x_wconf 92' lang='lat' dir='ltr'>nec</span> <span class='ocrx_word' id='word_1_52' title='bbox 673 520 802 558; x_wconf 90' lang='lat' dir='ltr'>inania</span> <span class='ocrx_word' id='word_1_53' title='bbox 834 519 996 558; x_wconf 89' lang='lat' dir='ltr'>Tartara</span> <span class='ocrx_word' id='word_1_54' title='bbox 1029 521 1171 559; x_wconf 84' lang='lat' dir='ltr'><strong>sentit.</strong></span> 
     </span>
    </p>

    <p class='ocr_par' dir='ltr' id='par_1_4' title="bbox 55 577 1299 749">
     <span class='ocr_line' id='line_1_8' title="bbox 55 577 1295 631; baseline 0 -13"><span class='ocrx_word' id='word_1_55' title='bbox 55 586 122 618; x_wconf 74' lang='lat'>620</span> <span class='ocrx_word' id='word_1_56' title='bbox 142 577 230 630; x_wconf 90' lang='lat' dir='ltr'>lpse</span> <span class='ocrx_word' id='word_1_57' title='bbox 262 579 408 631; x_wconf 85' lang='lat' dir='ltr'>etiam,</span> <span class='ocrx_word' id='word_1_58' title='bbox 439 584 512 630; x_wconf 89' lang='lat' dir='ltr'>ut,</span> <span class='ocrx_word' id='word_1_59' title='bbox 545 579 657 617; x_wconf 86' lang='lat' dir='ltr'>cuius</span> <span class='ocrx_word' id='word_1_60' title='bbox 691 578 810 617; x_wconf 85' lang='lat' dir='ltr'>fuerit</span> <span class='ocrx_word' id='word_1_61' title='bbox 827 610 838 630; x_wconf 90' lang='lat'><em>‚</em></span> <span class='ocrx_word' id='word_1_62' title='bbox 871 591 1111 630; x_wconf 84' lang='lat' dir='ltr'>cognoscere</span> <span class='ocrx_word' id='word_1_63' title='bbox 1142 579 1295 631; x_wconf 86' lang='lat' dir='ltr'>possis,</span> 
     </span>
     <span class='ocr_line' id='line_1_9' title="bbox 138 636 1299 688; baseline 0.001 -13"><span class='ocrx_word' id='word_1_64' title='bbox 138 636 245 676; x_wconf 89' lang='lat' dir='ltr'>Bella</span> <span class='ocrx_word' id='word_1_65' title='bbox 276 642 405 675; x_wconf 71' lang='lat' dir='ltr'>movet</span> <span class='ocrx_word' id='word_1_66' title='bbox 437 636 615 688; x_wconf 84' lang='lat' dir='ltr'>clipeus,</span> <span class='ocrx_word' id='word_1_67' title='bbox 648 636 774 688; x_wconf 87' lang='lat' dir='ltr'>deque</span> <span class='ocrx_word' id='word_1_68' title='bbox 808 639 925 676; x_wconf 90' lang='lat' dir='ltr'>armis</span> <span class='ocrx_word' id='word_1_69' title='bbox 958 649 1063 676; x_wconf 91' lang='lat' dir='ltr'>arma</span> <span class='ocrx_word' id='word_1_70' title='bbox 1096 637 1299 677; x_wconf 83' lang='lat' dir='ltr'>seruntur.</span> 
     </span>
     <span class='ocr_line' id='line_1_10' title="bbox 138 694 1103 749; baseline 0 -15"><span class='ocrx_word' id='word_1_71' title='bbox 138 694 226 734; x_wconf 82' lang='lat' dir='ltr'>Non</span> <span class='ocrx_word' id='word_1_72' title='bbox 257 707 303 735; x_wconf 91' lang='lat' dir='ltr'>ea</span> <span class='ocrx_word' id='word_1_73' title='bbox 333 694 501 747; x_wconf 79' lang='lat' dir='ltr'>Tydides</span> <span class='ocrx_word' id='word_1_74' title='bbox 520 727 532 747; x_wconf 88' lang='lat'><em>,</em></span> <span class='ocrx_word' id='word_1_75' title='bbox 564 707 642 734; x_wconf 92' lang='lat' dir='ltr'>non</span> <span class='ocrx_word' id='word_1_76' title='bbox 674 695 792 734; x_wconf 92' lang='lat' dir='ltr'>audet</span> <span class='ocrx_word' id='word_1_77' title='bbox 823 695 954 734; x_wconf 89' lang='lat' dir='ltr'>Oileos</span> <span class='ocrx_word' id='word_1_78' title='bbox 986 696 1103 749; x_wconf 85' lang='lat' dir='ltr'>Aiax,</span> 
     </span>
    </p>

    <p class='ocr_par' dir='ltr' id='par_1_5' title="bbox 138 753 1195 864">
     <span class='ocr_line' id='line_1_11' title="bbox 138 753 1195 806; baseline 0.002 -14"><span class='ocrx_word' id='word_1_79' title='bbox 138 753 225 793; x_wconf 89' lang='lat' dir='ltr'>Non</span> <span class='ocrx_word' id='word_1_80' title='bbox 257 754 386 793; x_wconf 90' lang='lat' dir='ltr'>minor</span> <span class='ocrx_word' id='word_1_81' title='bbox 416 753 601 806; x_wconf 84' lang='lat' dir='ltr'>Atrides,</span> <span class='ocrx_word' id='word_1_82' title='bbox 633 765 712 793; x_wconf 91' lang='lat' dir='ltr'>non</span> <span class='ocrx_word' id='word_1_83' title='bbox 744 753 845 793; x_wconf 91' lang='lat' dir='ltr'>bello</span> <span class='ocrx_word' id='word_1_84' title='bbox 878 755 1000 793; x_wconf 86' lang='lat' dir='ltr'>maior</span> <span class='ocrx_word' id='word_1_85' title='bbox 1033 761 1071 793; x_wconf 87' lang='lat' dir='ltr'>et</span> <span class='ocrx_word' id='word_1_86' title='bbox 1103 766 1195 794; x_wconf 90' lang='lat' dir='ltr'>aevo</span> 
     </span>
     <span class='ocr_line' id='line_1_12' title="bbox 140 812 1112 864; baseline 0 -13"><span class='ocrx_word' id='word_1_87' title='bbox 140 812 309 851; x_wconf 89' lang='lat' dir='ltr'>Poscere</span> <span class='ocrx_word' id='word_1_88' title='bbox 327 843 339 864; x_wconf 89' lang='lat'>‚</span> <span class='ocrx_word' id='word_1_89' title='bbox 371 824 450 851; x_wconf 91' lang='lat' dir='ltr'>non</span> <span class='ocrx_word' id='word_1_90' title='bbox 482 812 574 851; x_wconf 88' lang='lat' dir='ltr'>alii.</span> <span class='ocrx_word' id='word_1_91' title='bbox 613 812 705 851; x_wconf 88' lang='lat' dir='ltr'>solis</span> <span class='ocrx_word' id='word_1_92' title='bbox 738 812 948 852; x_wconf 87' lang='lat' dir='ltr'>Telamone</span> <span class='ocrx_word' id='word_1_93' title='bbox 982 818 1112 852; x_wconf 88' lang='lat' dir='ltr'>creato</span> 
     </span>
    </p>

    <p class='ocr_par' dir='ltr' id='par_1_6' title="bbox 52 869 977 922">
     <span class='ocr_line' id='line_1_13' title="bbox 52 869 977 922; baseline 0.001 -12"><span class='ocrx_word' id='word_1_94' title='bbox 52 879 119 911; x_wconf 71' lang='lat'>625</span> <span class='ocrx_word' id='word_1_95' title='bbox 140 869 358 922; x_wconf 71' lang='lat' dir='ltr'>Laerteque</span> <span class='ocrx_word' id='word_1_96' title='bbox 392 871 465 910; x_wconf 76' lang='lat' dir='ltr'>fuit</span> <span class='ocrx_word' id='word_1_97' title='bbox 496 876 626 910; x_wconf 81' lang='lat' dir='ltr'>tantae</span> <span class='ocrx_word' id='word_1_98' title='bbox 658 871 798 910; x_wconf 86' lang='lat' dir='ltr'>fiducia</span> <span class='ocrx_word' id='word_1_99' title='bbox 829 871 977 911; x_wconf 89' lang='lat' dir='ltr'>laudis.</span> 
     </span>
    </p>

    <p class='ocr_par' dir='ltr' id='par_1_7' title="bbox 140 929 1154 1087">
     <span class='ocr_line' id='line_1_14' title="bbox 140 929 1154 983; baseline 0.001 -15"><span class='ocrx_word' id='word_1_100' title='bbox 140 930 171 968; x_wconf 88' lang='lat' dir='ltr'>A</span> <span class='ocrx_word' id='word_1_101' title='bbox 203 941 244 968; x_wconf 89' lang='lat' dir='ltr'>se</span> <span class='ocrx_word' id='word_1_102' title='bbox 279 929 505 968; x_wconf 88' lang='lat' dir='ltr'>Tantalides</span> <span class='ocrx_word' id='word_1_103' title='bbox 538 941 638 968; x_wconf 92' lang='lat' dir='ltr'>onus</span> <span class='ocrx_word' id='word_1_104' title='bbox 670 929 932 981; x_wconf 88' lang='lat' dir='ltr'>invidiamque</span> <span class='ocrx_word' id='word_1_105' title='bbox 965 932 1154 983; x_wconf 82' lang='lat' dir='ltr'>removit,</span> 
     </span>
     <span class='ocr_line' id='line_1_15' title="bbox 140 987 1154 1040; baseline 0 -13"><span class='ocrx_word' id='word_1_106' title='bbox 140 987 421 1040; x_wconf 80' lang='lat' dir='ltr'>Argolicosque</span> <span class='ocrx_word' id='word_1_107' title='bbox 454 987 574 1027; x_wconf 91' lang='lat' dir='ltr'>duces</span> <span class='ocrx_word' id='word_1_108' title='bbox 607 988 745 1027; x_wconf 89' lang='lat' dir='ltr'>mediis</span> <span class='ocrx_word' id='word_1_109' title='bbox 778 988 983 1028; x_wconf 91' lang='lat' dir='ltr'>considere</span> <span class='ocrx_word' id='word_1_110' title='bbox 1017 990 1154 1027; x_wconf 84' lang='lat' dir='ltr'>castris</span> 
     </span>
     <span class='ocr_line' id='line_1_16' title="bbox 140 1045 1124 1087; baseline 0 -2"><span class='ocrx_word' id='word_1_111' title='bbox 140 1045 258 1086; x_wconf 86' lang='lat' dir='ltr'>Iussit</span> <span class='ocrx_word' id='word_1_112' title='bbox 289 1051 328 1086; x_wconf 88' lang='lat' dir='ltr'>et</span> <span class='ocrx_word' id='word_1_113' title='bbox 360 1045 566 1086; x_wconf 84' lang='lat' dir='ltr'>arbitrium</span> <span class='ocrx_word' id='word_1_114' title='bbox 597 1046 676 1086; x_wconf 89' lang='lat' dir='ltr'>litis</span> <span class='ocrx_word' id='word_1_115' title='bbox 708 1048 861 1086; x_wconf 86' lang='lat' dir='ltr'>traiecit</span> <span class='ocrx_word' id='word_1_116' title='bbox 892 1048 933 1086; x_wconf 90' lang='lat' dir='ltr'>in</span> <span class='ocrx_word' id='word_1_117' title='bbox 966 1059 1124 1087; x_wconf 88' lang='lat' dir='ltr'>omnes.</span> 
     </span>
    </p>
   </div>
   <div class='ocr_carea' id='block_1_3' title="bbox 554 1197 834 1203">
    <p class='ocr_par' dir='ltr' id='par_1_8' title="bbox 554 1197 834 1203">
     <span class='ocr_line' id='line_1_17' title="bbox 554 1197 834 1203; baseline 0 0"><span class='ocrx_word' id='word_1_118' title='bbox 554 1197 834 1203; x_wconf 95' lang='lat' dir='ltr'> </span> 
     </span>
    </p>
   </div>
   <div class='ocr_carea' id='block_1_4' title="bbox 288 1299 1107 1355">
    <p class='ocr_par' dir='ltr' id='par_1_9' title="bbox 288 1299 1107 1355">
     <span class='ocr_line' id='line_1_18' title="bbox 288 1299 1107 1355; baseline 0.001 -2"><span class='ocrx_word' id='word_1_119' title='bbox 288 1299 473 1354; x_wconf 88' lang='lat' dir='ltr'>LIBER</span> <span class='ocrx_word' id='word_1_120' title='bbox 510 1299 771 1354; x_wconf 81' lang='lat' dir='ltr'>TERTIUS</span> <span class='ocrx_word' id='word_1_121' title='bbox 811 1299 1080 1355; x_wconf 85' lang='lat' dir='ltr'>DECIMUS</span> <span class='ocrx_word' id='word_1_122' title='bbox 1095 1339 1107 1354; x_wconf 88' lang='lat'><strong>.</strong></span> 
     </span>
    </p>
   </div>
   <div class='ocr_carea' id='block_1_5' title="bbox 81 1397 1370 2388">
    <p class='ocr_par' dir='ltr' id='par_1_10' title="bbox 142 1397 1063 1450">
     <span class='ocr_line' id='line_1_19' title="bbox 142 1397 1063 1450; baseline 0.002 -14"><span class='ocrx_word' id='word_1_123' title='bbox 142 1397 365 1437; x_wconf 84' lang='lat' dir='ltr'>Consedere</span> <span class='ocrx_word' id='word_1_124' title='bbox 397 1398 518 1438; x_wconf 90' lang='lat' dir='ltr'>duces</span> <span class='ocrx_word' id='word_1_125' title='bbox 551 1405 590 1438; x_wconf 91' lang='lat' dir='ltr'>et</span> <span class='ocrx_word' id='word_1_126' title='bbox 620 1398 725 1450; x_wconf 86' lang='lat' dir='ltr'>vulgi</span> <span class='ocrx_word' id='word_1_127' title='bbox 757 1405 885 1438; x_wconf 86' lang='lat' dir='ltr'>stante</span> <span class='ocrx_word' id='word_1_128' title='bbox 918 1411 1063 1438; x_wconf 86' lang='lat' dir='ltr'>corona</span> 
     </span>
    </p>

    <p class='ocr_par' dir='ltr' id='par_1_11' title="bbox 142 1456 1263 1568">
     <span class='ocr_line' id='line_1_20' title="bbox 143 1456 1263 1509; baseline 0 -14"><span class='ocrx_word' id='word_1_129' title='bbox 143 1456 278 1508; x_wconf 86' lang='lat' dir='ltr'>Surgit</span> <span class='ocrx_word' id='word_1_130' title='bbox 308 1456 354 1495; x_wconf 92' lang='lat' dir='ltr'>ad</span> <span class='ocrx_word' id='word_1_131' title='bbox 386 1456 457 1496; x_wconf 91' lang='lat' dir='ltr'>hos</span> <span class='ocrx_word' id='word_1_132' title='bbox 489 1457 604 1509; x_wconf 85' lang='lat' dir='ltr'>clipei</span> <span class='ocrx_word' id='word_1_133' title='bbox 636 1457 816 1497; x_wconf 91' lang='lat' dir='ltr'>dominus</span> <span class='ocrx_word' id='word_1_134' title='bbox 849 1457 1114 1509; x_wconf 89' lang='lat' dir='ltr'>septemplicis</span> <span class='ocrx_word' id='word_1_135' title='bbox 1146 1456 1263 1509; x_wconf 79' lang='lat' dir='ltr'>Aiax3</span> 
     </span>
     <span class='ocr_line' id='line_1_21' title="bbox 142 1514 1072 1568; baseline 0.001 -14"><span class='ocrx_word' id='word_1_136' title='bbox 142 1514 270 1567; x_wconf 90' lang='lat' dir='ltr'>thue</span> <span class='ocrx_word' id='word_1_137' title='bbox 303 1520 387 1554; x_wconf 90' lang='lat' dir='ltr'>erat</span> <span class='ocrx_word' id='word_1_138' title='bbox 416 1516 624 1567; x_wconf 87' lang='lat' dir='ltr'>impatiens</span> <span class='ocrx_word' id='word_1_139' title='bbox 656 1517 737 1555; x_wconf 88' lang='lat' dir='ltr'>irae</span> <span class='ocrx_word' id='word_1_140' title='bbox 755 1547 767 1568; x_wconf 91' lang='lat'><em>‚</em></span> <span class='ocrx_word' id='word_1_141' title='bbox 801 1515 929 1567; x_wconf 74' lang='lat' dir='ltr'>Sigeia</span> <span class='ocrx_word' id='word_1_142' title='bbox 962 1522 1072 1555; x_wconf 89' lang='lat' dir='ltr'>torvo</span> 
     </span>
    </p>

    <p class='ocr_par' dir='ltr' id='par_1_12' title="bbox 142 1572 1145 1627">
     <span class='ocr_line' id='line_1_22' title="bbox 142 1572 1145 1627; baseline 0.002 -15"><span class='ocrx_word' id='word_1_143' title='bbox 142 1572 275 1613; x_wconf 84' lang='lat' dir='ltr'>Litora</span> <span class='ocrx_word' id='word_1_144' title='bbox 306 1575 481 1626; x_wconf 84' lang='lat' dir='ltr'>respexit</span> <span class='ocrx_word' id='word_1_145' title='bbox 513 1574 755 1625; x_wconf 90' lang='lat' dir='ltr'>classemque</span> <span class='ocrx_word' id='word_1_146' title='bbox 787 1575 828 1613; x_wconf 90' lang='lat' dir='ltr'>in</span> <span class='ocrx_word' id='word_1_147' title='bbox 859 1574 975 1614; x_wconf 88' lang='lat' dir='ltr'>litore</span> <span class='ocrx_word' id='word_1_148' title='bbox 1007 1574 1145 1627; x_wconf 86' lang='lat' dir='ltr'>vultu,</span> 
     </span>
    </p>

    <p class='ocr_par' dir='ltr' id='par_1_13' title="bbox 101 1629 1347 1802">
     <span class='ocr_line' id='line_1_23' title="bbox 101 1629 1347 1686; baseline 0.001 -15"><span class='ocrx_word' id='word_1_149' title='bbox 101 1640 122 1671; x_wconf 79' lang='grc'>5</span> <span class='ocrx_word' id='word_1_150' title='bbox 141 1631 432 1684; x_wconf 77' lang='lat' dir='ltr'>intendensque</span> <span class='ocrx_word' id='word_1_151' title='bbox 464 1644 602 1672; x_wconf 88' lang='lat' dir='ltr'>manus</span> <span class='ocrx_word' id='word_1_152' title='bbox 636 1630 801 1684; x_wconf 78' lang='lat' dir='ltr'>‘agimus</span> <span class='ocrx_word' id='word_1_153' title='bbox 819 1664 830 1686; x_wconf 91' lang='lat'>‚</span> <span class='ocrx_word' id='word_1_154' title='bbox 861 1645 933 1685; x_wconf 88' lang='lat' dir='ltr'>pro</span> <span class='ocrx_word' id='word_1_155' title='bbox 965 1632 1142 1684; x_wconf 87' lang='lat' dir='ltr'>Iuppiter</span> <span class='ocrx_word' id='word_1_156' title='bbox 1161 1629 1187 1672; x_wconf 86' lang='lat' dir='ltr'>l&#39;</span> <span class='ocrx_word' id='word_1_157' title='bbox 1219 1634 1347 1685; x_wconf 87' lang='lat' dir='ltr'>inquit</span> 
     </span>
     <span class='ocr_line' id='line_1_24' title="bbox 143 1687 1292 1743; baseline 0.001 -14"><span class='ocrx_word' id='word_1_158' title='bbox 143 1687 258 1730; x_wconf 82' lang='lat' dir='ltr'>‘Ante</span> <span class='ocrx_word' id='word_1_159' title='bbox 290 1696 396 1730; x_wconf 88' lang='lat' dir='ltr'>rates</span> <span class='ocrx_word' id='word_1_160' title='bbox 428 1702 584 1730; x_wconf 88' lang='lat' dir='ltr'>causam</span> <span class='ocrx_word' id='word_1_161' title='bbox 603 1722 614 1743; x_wconf 88' lang='lat'>,</span> <span class='ocrx_word' id='word_1_162' title='bbox 647 1697 686 1730; x_wconf 92' lang='lat' dir='ltr'>et</span> <span class='ocrx_word' id='word_1_163' title='bbox 716 1703 872 1730; x_wconf 90' lang='lat' dir='ltr'>mecum</span> <span class='ocrx_word' id='word_1_164' title='bbox 905 1692 1108 1730; x_wconf 82' lang='lat' dir='ltr'>confertur</span> <span class='ocrx_word' id='word_1_165' title='bbox 1139 1690 1292 1730; x_wconf 85' lang='lat' dir='ltr'>Ulixes!</span> 
     </span>
     <span class='ocr_line' id='line_1_25' title="bbox 141 1748 1150 1802; baseline -0.001 -13"><span class='ocrx_word' id='word_1_166' title='bbox 141 1749 190 1789; x_wconf 87' lang='lat' dir='ltr'>At</span> <span class='ocrx_word' id='word_1_167' title='bbox 220 1761 299 1788; x_wconf 90' lang='lat' dir='ltr'>non</span> <span class='ocrx_word' id='word_1_168' title='bbox 330 1748 536 1788; x_wconf 87' lang='lat' dir='ltr'>Hectoreis</span> <span class='ocrx_word' id='word_1_169' title='bbox 567 1748 757 1788; x_wconf 87' lang='lat' dir='ltr'>dubitavit</span> <span class='ocrx_word' id='word_1_170' title='bbox 789 1749 929 1789; x_wconf 88' lang='lat' dir='ltr'>cedere</span> <span class='ocrx_word' id='word_1_171' title='bbox 961 1749 1150 1802; x_wconf 83' lang='lat' dir='ltr'>flammis,</span> 
     </span>
    </p>

    <p class='ocr_par' dir='ltr' id='par_1_14' title="bbox 142 1807 1204 1919">
     <span class='ocr_line' id='line_1_26' title="bbox 143 1807 1204 1861; baseline 0 -14"><span class='ocrx_word' id='word_1_172' title='bbox 143 1807 248 1854; x_wconf 81' lang='lat' dir='ltr'>Quas</span> <span class='ocrx_word' id='word_1_173' title='bbox 280 1819 351 1860; x_wconf 88' lang='lat' dir='ltr'>ego</span> <span class='ocrx_word' id='word_1_174' title='bbox 383 1809 582 1861; x_wconf 90' lang='lat' dir='ltr'>sustinui,</span> <span class='ocrx_word' id='word_1_175' title='bbox 614 1820 711 1859; x_wconf 89' lang='lat' dir='ltr'>quas</span> <span class='ocrx_word' id='word_1_176' title='bbox 742 1807 814 1847; x_wconf 91' lang='lat' dir='ltr'>hac</span> <span class='ocrx_word' id='word_1_177' title='bbox 846 1820 867 1847; x_wconf 92' lang='lat' dir='ltr'>a</span> <span class='ocrx_word' id='word_1_178' title='bbox 899 1807 1021 1847; x_wconf 90' lang='lat' dir='ltr'>classe</span> <span class='ocrx_word' id='word_1_179' title='bbox 1053 1808 1204 1860; x_wconf 83' lang='lat' dir='ltr'>fugavi.</span> 
     </span>
     <span class='ocr_line' id='line_1_27' title="bbox 142 1865 1117 1919; baseline 0 -14"><span class='ocrx_word' id='word_1_180' title='bbox 142 1865 284 1906; x_wconf 87' lang='lat' dir='ltr'>Tutius</span> <span class='ocrx_word' id='word_1_181' title='bbox 316 1872 377 1906; x_wconf 87' lang='lat' dir='ltr'>est</span> <span class='ocrx_word' id='word_1_182' title='bbox 406 1867 526 1918; x_wconf 89' lang='lat' dir='ltr'>igitur</span> <span class='ocrx_word' id='word_1_183' title='bbox 558 1867 659 1906; x_wconf 88' lang='lat' dir='ltr'>fictis</span> <span class='ocrx_word' id='word_1_184' title='bbox 691 1866 930 1906; x_wconf 82' lang='lat' dir='ltr'>contendere</span> <span class='ocrx_word' id='word_1_185' title='bbox 963 1865 1117 1919; x_wconf 84' lang='lat' dir='ltr'>verbis,</span> 
     </span>
    </p>

    <p class='ocr_par' dir='ltr' id='par_1_15' title="bbox 81 1924 1370 2096">
     <span class='ocr_line' id='line_1_28' title="bbox 81 1924 1370 1978; baseline 0.001 -14"><span class='ocrx_word' id='word_1_186' title='bbox 81 1933 122 1965; x_wconf 79' lang='grc' dir='ltr'>ιο</span> <span class='ocrx_word' id='word_1_187' title='bbox 143 1924 267 1971; x_wconf 91' lang='lat' dir='ltr'>Quam</span> <span class='ocrx_word' id='word_1_188' title='bbox 292 1937 468 1977; x_wconf 88' lang='lat' dir='ltr'>pugnare</span> <span class='ocrx_word' id='word_1_189' title='bbox 494 1937 611 1964; x_wconf 87' lang='lat' dir='ltr'>manu</span> <span class='ocrx_word' id='word_1_190' title='bbox 632 1956 640 1964; x_wconf 91' lang='lat'><strong>.</strong></span> <span class='ocrx_word' id='word_1_191' title='bbox 668 1925 735 1964; x_wconf 87' lang='lat' dir='ltr'>sed</span> <span class='ocrx_word' id='word_1_192' title='bbox 762 1937 835 1964; x_wconf 92' lang='lat' dir='ltr'>nec</span> <span class='ocrx_word' id='word_1_193' title='bbox 856 1925 951 1964; x_wconf 91' lang='lat' dir='ltr'>mihi</span> <span class='ocrx_word' id='word_1_194' title='bbox 971 1925 1102 1964; x_wconf 91' lang='lat' dir='ltr'>dicere</span> <span class='ocrx_word' id='word_1_195' title='bbox 1121 1931 1370 1978; x_wconf 84' lang='lat' dir='ltr'>promptum,</span> 
     </span>
     <span class='ocr_line' id='line_1_29' title="bbox 143 1982 1317 2035; baseline 0.001 -13"><span class='ocrx_word' id='word_1_196' title='bbox 143 1982 225 2022; x_wconf 88' lang='lat' dir='ltr'>Nec</span> <span class='ocrx_word' id='word_1_197' title='bbox 256 1983 387 2023; x_wconf 77' lang='lat' dir='ltr'>facere</span> <span class='ocrx_word' id='word_1_198' title='bbox 419 1989 479 2023; x_wconf 89' lang='lat' dir='ltr'>est</span> <span class='ocrx_word' id='word_1_199' title='bbox 509 1985 604 2023; x_wconf 90' lang='lat' dir='ltr'>isti:</span> <span class='ocrx_word' id='word_1_200' title='bbox 637 1990 904 2035; x_wconf 90' lang='lat' dir='ltr'>quantumque</span> <span class='ocrx_word' id='word_1_201' title='bbox 938 1996 1008 2035; x_wconf 87' lang='lat' dir='ltr'>ego</span> <span class='ocrx_word' id='word_1_202' title='bbox 1041 1982 1162 2023; x_wconf 88' lang='lat' dir='ltr'>Marte</span> <span class='ocrx_word' id='word_1_203' title='bbox 1195 1984 1317 2023; x_wconf 81' lang='lat' dir='ltr'>feroci</span> 
     </span>
     <span class='ocr_line' id='line_1_30' title="bbox 143 2041 1222 2096; baseline 0.001 -16"><span class='ocrx_word' id='word_1_204' title='bbox 143 2041 267 2093; x_wconf 89' lang='lat' dir='ltr'>Inque</span> <span class='ocrx_word' id='word_1_205' title='bbox 299 2044 381 2081; x_wconf 90' lang='lat' dir='ltr'>acie</span> <span class='ocrx_word' id='word_1_206' title='bbox 413 2042 520 2082; x_wconf 92' lang='lat' dir='ltr'>valeo</span> <span class='ocrx_word' id='word_1_207' title='bbox 539 2074 551 2096; x_wconf 90' lang='lat'><em>‚</em></span> <span class='ocrx_word' id='word_1_208' title='bbox 583 2048 735 2082; x_wconf 87' lang='lat' dir='ltr'>tantum</span> <span class='ocrx_word' id='word_1_209' title='bbox 767 2042 867 2081; x_wconf 84' lang='lat' dir='ltr'>valet</span> <span class='ocrx_word' id='word_1_210' title='bbox 898 2043 971 2081; x_wconf 89' lang='lat' dir='ltr'>iste</span> <span class='ocrx_word' id='word_1_211' title='bbox 1003 2042 1222 2094; x_wconf 87' lang='lat' dir='ltr'>loquendo.</span> 
     </span>
    </p>

    <p class='ocr_par' dir='ltr' id='par_1_16' title="bbox 144 2099 1294 2213">
     <span class='ocr_line' id='line_1_31' title="bbox 144 2099 1294 2154; baseline 0.001 -15"><span class='ocrx_word' id='word_1_212' title='bbox 144 2099 225 2139; x_wconf 88' lang='lat' dir='ltr'>Nec</span> <span class='ocrx_word' id='word_1_213' title='bbox 256 2101 507 2140; x_wconf 82' lang='lat' dir='ltr'>memoranda</span> <span class='ocrx_word' id='word_1_214' title='bbox 539 2107 669 2141; x_wconf 86' lang='lat' dir='ltr'>tamen</span> <span class='ocrx_word' id='word_1_215' title='bbox 701 2100 810 2140; x_wconf 89' lang='lat' dir='ltr'>vobis</span> <span class='ocrx_word' id='word_1_216' title='bbox 842 2113 927 2140; x_wconf 91' lang='lat' dir='ltr'>mea</span> <span class='ocrx_word' id='word_1_217' title='bbox 960 2101 1059 2140; x_wconf 83' lang='lat' dir='ltr'>sacta</span> <span class='ocrx_word' id='word_1_218' title='bbox 1077 2132 1088 2153; x_wconf 88' lang='lat'><strong><em>,</em></strong></span> <span class='ocrx_word' id='word_1_219' title='bbox 1118 2100 1294 2154; x_wconf 84' lang='lat' dir='ltr'>Pelasgi,</span> 
     </span>
     <span class='ocr_line' id='line_1_32' title="bbox 145 2157 1207 2213; baseline 0.001 -16"><span class='ocrx_word' id='word_1_220' title='bbox 145 2157 243 2198; x_wconf 88' lang='lat' dir='ltr'>Esse</span> <span class='ocrx_word' id='word_1_221' title='bbox 276 2171 398 2211; x_wconf 81' lang='lat' dir='ltr'>reor3</span> <span class='ocrx_word' id='word_1_222' title='bbox 430 2159 579 2199; x_wconf 83' lang='lat' dir='ltr'>vidistis</span> <span class='ocrx_word' id='word_1_223' title='bbox 612 2161 744 2199; x_wconf 89' lang='lat' dir='ltr'>enim.</span> <span class='ocrx_word' id='word_1_224' title='bbox 783 2171 854 2198; x_wconf 88' lang='lat' dir='ltr'>sua</span> <span class='ocrx_word' id='word_1_225' title='bbox 886 2165 1020 2198; x_wconf 89' lang='lat' dir='ltr'>narret</span> <span class='ocrx_word' id='word_1_226' title='bbox 1051 2158 1207 2213; x_wconf 84' lang='lat' dir='ltr'>Ulixes,</span> 
     </span>
    </p>

    <p class='ocr_par' dir='ltr' id='par_1_17' title="bbox 84 2217 1362 2388">
     <span class='ocr_line' id='line_1_33' title="bbox 84 2217 1362 2270; baseline 0.001 -14"><span class='ocrx_word' id='word_1_227' title='bbox 84 2224 124 2256; x_wconf 81' lang='lat'>15</span> <span class='ocrx_word' id='word_1_228' title='bbox 145 2217 253 2264; x_wconf 88' lang='lat' dir='ltr'>Quae</span> <span class='ocrx_word' id='word_1_229' title='bbox 286 2219 370 2257; x_wconf 86' lang='lat' dir='ltr'>sine</span> <span class='ocrx_word' id='word_1_230' title='bbox 402 2223 501 2257; x_wconf 81' lang='lat' dir='ltr'>teste</span> <span class='ocrx_word' id='word_1_231' title='bbox 534 2219 664 2270; x_wconf 84' lang='lat' dir='ltr'>gerit,</span> <span class='ocrx_word' id='word_1_232' title='bbox 696 2230 866 2269; x_wconf 89' lang='lat' dir='ltr'>quorum</span> <span class='ocrx_word' id='word_1_233' title='bbox 897 2230 973 2257; x_wconf 89' lang='lat' dir='ltr'>nox</span> <span class='ocrx_word' id='word_1_234' title='bbox 1006 2219 1162 2257; x_wconf 91' lang='lat' dir='ltr'>conscia</span> <span class='ocrx_word' id='word_1_235' title='bbox 1187 2217 1268 2258; x_wconf 85' lang='lat' dir='ltr'>sola</span> <span class='ocrx_word' id='word_1_236' title='bbox 1289 2226 1362 2257; x_wconf 81' lang='lat' dir='ltr'>est.</span> 
     </span>
     <span class='ocr_line' id='line_1_34' title="bbox 144 2275 1264 2328; baseline 0.002 -14"><span class='ocrx_word' id='word_1_237' title='bbox 144 2275 321 2315; x_wconf 90' lang='lat' dir='ltr'>Praemia</span> <span class='ocrx_word' id='word_1_238' title='bbox 352 2288 490 2328; x_wconf 86' lang='lat' dir='ltr'>magna</span> <span class='ocrx_word' id='word_1_239' title='bbox 521 2278 602 2328; x_wconf 85' lang='lat' dir='ltr'>peti</span> <span class='ocrx_word' id='word_1_240' title='bbox 634 2276 788 2316; x_wconf 81' lang='lat' dir='ltr'>fateor:</span> <span class='ocrx_word' id='word_1_241' title='bbox 821 2276 889 2316; x_wconf 91' lang='lat' dir='ltr'>sed</span> <span class='ocrx_word' id='word_1_242' title='bbox 921 2277 1043 2316; x_wconf 89' lang='lat' dir='ltr'>demit</span> <span class='ocrx_word' id='word_1_243' title='bbox 1074 2277 1264 2316; x_wconf 90' lang='lat' dir='ltr'>honorem</span> 
     </span>
     <span class='ocr_line' id='line_1_35' title="bbox 145 2334 1176 2388; baseline 0.001 -14"><span class='ocrx_word' id='word_1_244' title='bbox 145 2334 360 2375; x_wconf 80' lang='lat' dir='ltr'>Aemulus:</span> <span class='ocrx_word' id='word_1_245' title='bbox 391 2336 498 2375; x_wconf 88' lang='lat' dir='ltr'>Aiaci</span> <span class='ocrx_word' id='word_1_246' title='bbox 529 2347 608 2374; x_wconf 89' lang='lat' dir='ltr'>non</span> <span class='ocrx_word' id='word_1_247' title='bbox 640 2341 700 2375; x_wconf 87' lang='lat' dir='ltr'>est</span> <span class='ocrx_word' id='word_1_248' title='bbox 731 2337 905 2375; x_wconf 90' lang='lat' dir='ltr'>tenuisse</span> <span class='ocrx_word' id='word_1_249' title='bbox 937 2335 1176 2388; x_wconf 87' lang='lat' dir='ltr'>superbum,</span> 
     </span>
    </p>
   </div>
  </div>
 </body>
</html>
