1527 2580
558 108 606 143 IV
622 138 630 153 ‚
657 109 829 153 796—V‚
855 113 897 144 61
917 136 923 143 .
1063 122 1210 144 runai-:rs
1350 110 1404 151 89

188 218 246 259 Ex
278 218 354 258 illis
385 217 557 270 scopulis
576 249 588 270 ,
619 218 685 257 ubi
717 225 829 257 erant
859 218 969 257 affixa
989 249 1000 270 ,
1031 219 1219 269 petisses.

188 277 301 316 Nunc
333 278 416 316 sine
436 308 448 329 ,
480 277 547 327 qui
578 278 719 328 petiit,
751 289 820 328 per
848 288 964 328 quem
997 276 1091 315 haec
1122 289 1199 315 non
1232 276 1326 315 orba

1202 341 1407 386 senceum,

189 393 310 433 Ferre
342 392 446 444 quod
478 399 519 432 et
549 394 699 432 meritis
737 401 776 432 et
813 406 905 432 voce
944 400 1004 433 est
1041 399 1208 445 pactus;
1240 405 1406 444 eumque

190 451 277 491 Non
310 451 410 504 tibi,
442 451 510 490 sed
543 458 671 491 certae
704 451 919 502 praelatum
950 451 1131 503 intellege
1164 453 1281 490 morti
1296 448 1320 490 .'

129 510 260 550 soille
292 509 387 549 nihil
419 515 584 549 contra:
615 509 683 549 sed
716 516 755 549 et
785 510 890 549 huuc
921 516 960 548 et
991 509 1132 549 Persea
1164 509 1272 549 vultu

190 568 350 607 Alterno
383 574 564 620 spectans
583 600 594 620 ‚
619 574 725 620 petat
750 568 854 607 hunc
871 599 883 621 ,
914 570 1096 620 ignorat,
1127 580 1175 607 an
1206 568 1338 606 illum:

191 626 483 677 Cunctatusque
515 625 624 665 brevi
656 632 873 665 contortam
905 626 1052 665 viribus
1084 626 1256 678 hastam,

191 685 362 730 Quantas
388 686 445 723 ira
477 684 620 737 dabat,
651 686 888 736 nequiquam
920 686 959 723 in
992 684 1133 724 Persea
1165 686 1291 723 misit.

193 743 242 782 Ut
272 745 382 782 stetit
412 742 476 782 illa
508 749 593 782 toro
612 775 623 795 ‚
655 745 787 782 stratis
821 749 902 782 tum
935 742 1103 794 denique
1135 742 1303 782 Perseus

132 809 176 840 35
196 801 371 854 Eximit,
403 801 558 852 teloque
591 802 700 840 ferox
731 803 886 841 inimica
918 803 1081 840 remisso

193 859 356 899 Pectora
387 861 589 912 rupisset,
621 861 697 899 nisi
727 867 817 911 post
847 859 979 898 altaria
1011 859 1182 898 Phineus

191 918 320 957 Isset:
351 924 418 970 et,
450 917 681 969 iudignum!
714 918 902 957 scelerato
934 918 1082 969 profuit
1112 929 1200 956 ara.

192 976 337 1015 Fronte
369 981 499 1015 tamen
530 976 672 1015 Rhoeti
703 988 782 1015 non
814 977 924 1014 irrita
956 977 1087 1026 cuspis
1120 975 1314 1014 adhaesit.

193 1034 270 1080 Qui
287 1040 496 1086 postquam
517 1034 659 1073 cecidit
677 1035 906 1086 ferrumque
927 1046 973 1072 ex
994 1045 1081 1072 osse
1110 1033 1309 1072 revulsum
1329 1040 1412 1085 est,

129 1101 174 1132 40
194 1092 378 1132 Calcitrat
409 1098 449 1132 et
478 1094 626 1144 positas
657 1094 828 1145 aspergit
860 1093 1047 1143 sanguine
1079 1103 1255 1130 mensas.

193 1151 295 1190 Tum
326 1163 418 1190 vero
450 1151 658 1190 indomitas
690 1151 859 1190 ardescit
889 1150 1028 1201 vulgus
1059 1151 1099 1188 in
1130 1152 1232 1202 iras,

193 1209 366 1261 Telaque
398 1210 628 1261 coniciunt,
659 1215 699 1248 et
729 1216 822 1248 sunt
853 1210 920 1259 qui
952 1208 1105 1259 Cephea
1137 1207 1274 1246 dicunt

195 1267 293 1307 Cum
324 1279 469 1319 genero
502 1266 645 1306 debere
678 1269 805 1306 mori.
844 1266 913 1305 sed
943 1266 1077 1305 limine
1110 1267 1204 1305 tecti

195 1325 354 1365 Exierat
387 1325 567 1377 Cepheus
585 1357 596 1378 ,
627 1331 794 1365 testatus
824 1326 965 1375 iusque
997 1323 1191 1375 fidemque

130 1392 174 1422 45
195 1384 442 1435 Hospitiique
475 1384 568 1423 deos
587 1416 598 1435 ‚
630 1396 674 1422 ea
705 1395 747 1423 se
778 1382 1012 1435 prohibente
1044 1383 1215 1422 moveri.

194 1441 338 1482 Bellica
368 1441 493 1481 Pallas
525 1442 636 1481 adest
666 1447 705 1481 et
735 1442 908 1493 protegit
939 1440 1073 1492 aegide
1105 1441 1289 1488 fratrem,

195 1500 345 1552 Datque
366 1501 514 1539 animos
535 1531 543 1540 .
575 1506 660 1539 erat
677 1499 797 1539 Indus
816 1499 926 1538 Athis
939 1530 950 1552 ‚
970 1510 1087 1550 quem
1107 1498 1266 1537 ssumine
1286 1497 1415 1549 Gange

195 1558 311 1598 Edita
342 1557 527 1598 Clematie
560 1559 694 1597 vitreis
724 1559 925 1610 peperisse
957 1556 1030 1596 sub
1062 1556 1177 1596 undis

199 1616 382 1656 Creditur
401 1649 412 1669 ‚
443 1618 624 1668 egregius
657 1617 809 1668 forma,
842 1627 957 1667 quam
989 1614 1106 1654 divite
1139 1613 1246 1653 cultu

133 1683 178 1715 50
197 1674 401 1728 Augebat,
432 1674 492 1715 bis
525 1675 650 1714 adhuc
682 1675 833 1714 octonis
864 1675 1018 1725 integer
1048 1674 1183 1724 annis,

198 1734 363 1773 Indutus
396 1733 636 1785 chlamydem
667 1732 851 1785 Tyriam,
878 1743 994 1783 quam
1024 1730 1168 1770 limbus
1199 1728 1331 1768 obibat

199 1796 383 1844 Aureus3
414 1791 606 1831 ornabant
636 1797 769 1830 aurata
800 1790 956 1829 monilia
988 1789 1130 1828 collum

198 1850 249 1890 Et
277 1849 451 1890 madidos
483 1862 616 1889 murra
647 1861 811 1889 curvum
843 1847 987 1887 crinale
1020 1846 1200 1898 capillos.

200 1908 267 1948 [lle
299 1909 458 1960 quidem
488 1908 614 1948 iaculo
647 1909 820 1960 quamvis
853 1907 1034 1945 distantia
1065 1907 1184 1944 misso

136 1975 180 2006 55
201 1966 338 2018 Figere
371 1967 510 2006 doctus
542 1972 654 2020 erat,
681 1965 749 2005 sed
780 1965 942 2004 tendere
974 1963 1126 2002 doctior
1157 1974 1294 2002 arcus.

200 2025 301 2064 Tum
333 2037 488 2077 quoque
519 2025 624 2064 lenta
655 2036 772 2063 manu
809 2023 1031 2062 flectentem
1069 2033 1215 2061 cornua
1252 2020 1418 2060 Perseus

202 2082 375 2136 Stipite,
407 2085 475 2134 qui
506 2083 632 2122 media
663 2083 814 2134 positus
846 2080 1018 2120 fumabat
1048 2081 1088 2119 in
1120 2091 1209 2131 ara,

201 2141 377 2181 Perculit
408 2147 448 2180 et
479 2142 613 2180 fractis
646 2140 823 2180 confudit
854 2141 894 2178 in
926 2138 1080 2178 ossibus
1112 2149 1203 2176 ora.

202 2199 315 2239 Hunc
347 2198 416 2238 ubi
446 2199 622 2238 laudatos
654 2200 862 2238 iactantem
893 2198 933 2236 in
965 2198 1154 2248 sanguine
1185 2195 1314 2235 vultus

137 2266 183 2297 60
203 2258 385 2310 Assyrius
417 2257 513 2297 vidit
542 2256 714 2308 Lycabas
733 2288 744 2309 ‚
775 2256 1046 2295 iunctissimus
1077 2254 1133 2294 illi

201 2315 252 2355 Et
282 2328 414 2355 comes
445 2321 485 2355 et
516 2317 597 2355 veri
627 2327 707 2355 non
739 2314 1001 2354 dissimulator
1033 2314 1199 2363 amoris,
