1554 2506
114 88 170 130 80
388 101 446 123 mo
664 85 880 121 METAMM
891 114 898 122 .

231 199 368 238 Omnia
399 200 491 238 trita
524 197 668 249 simul,
700 208 799 248 quae
831 197 1020 247 sanguine
1052 197 1172 235 mixta
1203 197 1354 235 recenti

143 264 209 297 505
231 257 396 297 Coxerat
427 269 516 295 aere
548 268 640 294 cavo
659 286 670 307 ‚
703 254 816 294 viridi
841 260 992 293 versata
1024 255 1174 294 cicuta.

230 316 407 366 Dumque
438 320 580 366 pavent
610 313 665 352 illi
682 345 693 366 ‚
725 314 851 364 vergit
880 312 1019 352 furiale
1051 324 1246 352 venenum

231 374 375 413 Pectus
407 375 446 411 in
479 372 710 424 amborum,
743 371 1050 424 praecordiaque
1081 372 1218 411 intima
1250 371 1391 411 movit.

230 432 289 471 Tu
315 444 330 470 1
363 432 444 470 sace
476 432 615 469 iactata
646 442 717 482 per
748 430 918 469 eundem
951 431 1106 481 saepius
1138 429 1274 468 orbem

234 445 497 549 Cosssequitur
529 490 645 528 motis
676 489 862 528 velociter
894 488 1051 540 ignibus
1083 489 1217 539 ignes.

145 557 213 588 510
235 549 299 587 Sic
330 549 469 587 victrix
501 549 677 599 iussique
708 553 848 599 potens
880 547 925 586 ad
952 548 1081 586 inania
1112 548 1241 598 magni

230 607 362 657 Regna
394 605 495 645 redit
526 606 653 659 Ditis,
691 611 970 657 sumptumque
1009 606 1225 657 recingitur
1263 617 1449 658 anguem.

288 665 473 704 Protinus
504 664 682 703 Aeolides
715 665 840 703 media
872 663 1108 703 furibundus
1139 665 1180 703 in
1212 663 1299 703 aula

231 723 377 763 Clamat
409 721 460 762 ‘io
479 756 490 776 ,
523 725 714 776 comites,
745 723 806 762 his
838 725 936 762 retia
967 723 1116 762 tendite
1149 721 1278 762 silvis!

230 782 302 821 Hic
333 781 447 820 modo
480 795 569 821 cum
601 783 753 833 gemina
785 784 865 820 visa
897 786 959 820 est
988 781 1083 820 mihi
1114 781 1225 833 prole
1257 781 1388 821 leaena
1403 779 1428 834 ‚'

143 849 209 880 515
231 841 359 892 thue
391 841 496 880 serae
529 842 708 891 sequitur
739 842 901 891 vestigia
933 841 1111 891 coniugis
1143 851 1300 893 amens,

230 900 363 950 Deque
396 901 483 939 sinu
517 901 652 938 matris
685 899 878 938 ridentem
911 905 950 937 et
980 910 1096 950 parva
1129 897 1347 938 Learchum

229 958 414 997 Bracchia
448 958 673 997 tendentem
705 959 807 1009 rapit
837 963 877 996 et
907 956 967 996 bis
1001 962 1138 1008 terque
1170 969 1242 1008 per
1273 970 1387 996 auras

233 1017 341 1056 More
373 1022 476 1056 rotat
507 1017 649 1056 fundae
668 1048 680 1070 ,
711 1016 916 1068 rigidoque
949 1016 1110 1054 infantia
1141 1028 1233 1054 saxo

230 1075 399 1114 Discutit
430 1087 497 1114 ora
530 1076 668 1114 ferox.
707 1080 791 1114 tum
823 1074 992 1125 denique
1025 1075 1178 1113 concita
1209 1080 1358 1128 mater,

145 1142 212 1174 520
234 1134 311 1172 Seu
345 1134 456 1172 dolor
488 1134 561 1172 hoc
594 1134 687 1172 fecit
704 1166 715 1185 ,
746 1146 817 1172 seu
851 1134 976 1184 sparsi
1008 1145 1124 1172 causa
1156 1134 1319 1186 veneni,

229 1192 412 1231 Exululat
443 1194 646 1243 passisque
679 1193 777 1243 fugit
809 1191 907 1230 male
941 1203 1032 1230 sana
1064 1191 1238 1245 capillis,

229 1251 364 1302 Teque
397 1252 528 1290 serens
559 1263 720 1302 parvum
754 1250 869 1289 nudis
888 1281 900 1302 ,
931 1249 1160 1304 Melicerta,
1191 1249 1347 1290 lacertis

230 1307 380 1349 ‘Euhoe
413 1307 580 1348 Bacche'
613 1316 752 1349 sonat.
791 1308 934 1348 Bacchi
966 1309 1038 1348 sub
1072 1310 1228 1348 nomine
1260 1308 1357 1348 luno

231 1368 331 1407 Risit
362 1374 402 1408 et
433 1365 520 1407 ‘hos
553 1381 648 1407 usus
679 1373 854 1419 praestet
885 1364 970 1406 tibi'
1003 1368 1100 1407 dixit
1131 1364 1327 1407 ‘alumnus
1341 1366 1365 1407 .'

142 1434 210 1466 525
231 1427 413 1466 Imminet
444 1427 680 1478 aequoribus
712 1426 898 1478 scopulus
917 1458 928 1479 ‚
960 1438 1050 1478 pars
1082 1428 1158 1465 ima
1190 1432 1348 1466 cavatur

231 1485 432 1525 Fluctibus
465 1493 505 1524 et
537 1491 659 1524 tectas
691 1485 866 1524 defendit
897 1484 943 1523 ab
976 1484 1168 1524 imbribus
1200 1484 1349 1538 undas,

231 1544 390 1583 Summa
421 1546 523 1595 riget
553 1545 801 1595 frontemque
834 1545 873 1582 in
894 1550 1072 1595 apertum
1093 1544 1259 1595 porrigit
1284 1556 1453 1596 aequor.

230 1603 406 1654 Occupat
438 1603 543 1641 hunc
574 1625 631 1631 ——
663 1604 764 1641 vires
797 1604 946 1641 insania
972 1603 1118 1641 fecerat
1151 1623 1205 1629 —
1239 1602 1330 1656 Ino,

231 1661 360 1713 Seque
393 1674 512 1713 super
544 1667 708 1713 pontum
742 1661 846 1700 nullo
880 1661 1027 1700 tardata
1062 1662 1201 1700 timore

142 1727 210 1761 530
230 1720 349 1760 Mittit
380 1733 557 1771 onusque
590 1732 735 1772 suum3
767 1732 954 1771 percussa
986 1719 1192 1759 recanduit
1221 1719 1346 1759 unda.

228 1781 278 1819 At
307 1778 438 1818 Venus
470 1781 672 1818 inmeritae
706 1781 833 1830 neptis
865 1781 1046 1818 miserata
1079 1778 1231 1817 labores

232 1838 297 1877 Sic
328 1844 467 1890 patruo
500 1837 670 1876 blandita
703 1850 773 1877 suo
806 1843 895 1877 est:
928 1835 965 1876 ‘o
999 1849 1144 1877 numen
1176 1849 1388 1889 aquarum,

229 1897 409 1936 Proxima
437 1898 500 1935 cui
532 1897 638 1935 caelo
672 1898 818 1949 cessit,
850 1896 1289 1953 Neptuneffotesws,

230 1955 365 2006 Magna
397 1955 555 2006 quidem
586 1967 706 2007 posco
725 1987 736 2007 ,
768 1955 836 1994 sed
869 1961 910 1994 tu
944 1957 1131 1994 miserere
1165 1967 1365 2010 meorum,

143 2020 210 2052 535
231 2013 369 2052 lactari
401 2026 499 2065 quos
532 2016 660 2053 cernis
692 2016 731 2053 in
764 2013 872 2052 Ionio
904 2016 1108 2067 inmenso,

230 2071 280 2111 Et
311 2071 370 2110 dIs
403 2073 499 2111 adde
534 2074 611 2112 tuis
631 2103 640 2112 .
678 2072 806 2124 aliqua
839 2078 878 2111 et
910 2073 1004 2111 mihi
1034 2073 1156 2124 gratia
1189 2078 1308 2124 ponto
1341 2078 1424 2124 est,

232 2130 273 2169 Si
303 2137 432 2169 tamen
465 2133 504 2169 in
537 2131 601 2170 dio
633 2131 829 2183 quondam
861 2137 1044 2170 concreta
1076 2131 1271 2183 profundo

233 2188 377 2239 Spuma
410 2189 466 2227 fui
483 2220 496 2241 ‚
527 2189 764 2241 Graiumque
797 2196 928 2229 manet
965 2189 1059 2229 mibi
1098 2201 1240 2229 nomen
1272 2189 1320 2228 ab
1351 2186 1452 2229 illa.⁵

231 2248 378 2286 Annuit
408 2250 536 2287 oranti
567 2247 773 2299 Neptunus
806 2255 846 2287 et
877 2248 1037 2288 abstulit
1067 2248 1142 2287 illis

143 2313 211 2345 540
231 2305 343 2352 Quod
376 2306 538 2344 mortale
571 2307 673 2357 fuit,
706 2308 1028 2359 maiestatemque
1059 2306 1269 2346 verendam
