1507 2580
519 93 551 129 Π
569 122 578 139 ,
603 97 810 130 431—504.
967 108 1130 130 canusa-o
1280 94 1334 137 35

115 204 239 244 Causa
271 216 400 243 morae
423 203 527 243 nulla
553 211 614 244 est
632 236 642 257 ,
675 211 713 244 et
734 206 807 244 iam
828 217 926 256 puer
946 205 1064 244 Arcas
1080 205 1187 243 —id
1208 206 1334 256 ipsum

118 263 288 302 Indoluit
319 262 415 302 luno
448 283 502 290 -—
531 263 658 302 suerat
690 263 735 302 de
769 263 913 316 paelice
947 270 1083 302 natus.

30 329 96 361 470
117 321 202 368 Quo
235 321 350 360 simul
382 320 551 361 obvertit
582 333 733 360 saevam
766 334 854 361 cuin
888 322 1031 361 lumine
1066 328 1260 374 mentem,

116 377 290 419 ‘Scilicet
321 379 394 418 hoc
426 381 543 419 etiam
576 380 775 433 restabat,
808 380 980 420 adultera
999 377 1025 433 ‚’
1058 380 1154 419 dixit

117 435 182 478 ‘Ut
214 438 379 478 secunda
412 438 516 478 sores
534 470 545 491 ,
571 439 760 490 fieretque
792 440 934 478 iniuria
966 444 1077 491 partu

116 497 245 550 Nota,
278 496 455 548 {ovisque
488 498 564 536 mei
597 503 781 536 testatum
813 498 982 537 dedecus
1016 502 1142 536 esset.

115 554 226 595 Haud
247 556 393 607 inpune
427 556 529 595 seres
550 587 558 595 .
591 556 756 595 adimam
777 556 846 595 tibi
867 568 1004 608 nempe
1026 557 1212 608 figuram,
1233 564 1260 590 t.
1281 571 1335 591 xv.

29 621 96 652 475
118 613 202 660 Qua
224 613 291 653 tibi
309 644 321 667 ‚
354 625 506 665 quaque
533 614 663 666 places
690 620 824 653 nostro
844 646 855 667 ‚
888 616 1096 666 inportuna
1115 646 1126 667 ,
1158 615 1296 654 marito
1312 611 1334 654 .'

117 672 221 712 Dixit
252 677 291 712 et
321 672 482 711 adversa
513 674 668 725 prensis
700 686 720 712 a
753 674 881 712 fronte
915 673 1061 725 capillis

118 730 263 770 Stravit
294 730 403 770 humi
435 743 626 782 pronam.
667 731 849 771 tendebat
882 731 1062 770 bracchia
1094 731 1281 784 supplex:

117 788 303 828 Bracchia
335 796 552 841 coeperunt
578 791 699 842 nigris
731 791 962 830 horrescere
995 790 1118 843 villis,

119 847 359 899 Curvarique
392 860 529 888 manus
561 854 601 888 et
632 849 804 889 aduncos
836 860 1016 888 crescere
1048 850 1088 887 in
1120 859 1271 899 ungues

30 913 97 946 480
119 905 335 957 Officioque
367 906 512 958 pedum
544 907 682 959 fungi,
714 907 946 958 laudataque
980 906 1174 957 quondam

117 963 195 1004 Ora
226 963 305 1004 lovi
335 964 412 1004 lato
445 966 529 1004 fieri
561 965 749 1005 deformia
781 967 907 1005 rictu.

116 1022 221 1063 Neve
253 1034 392 1075 preces
425 1025 573 1063 animos
606 1029 645 1063 et
675 1023 793 1063 verba
823 1024 1023 1076 precantia
1054 1022 1234 1073 flectant,

117 1081 237 1121 Posse
264 1081 371 1133 loqui
403 1084 568 1134 eripitur
586 1113 598 1135 ,
629 1095 703 1121 vox
735 1082 921 1122 iracunda
947 1083 1155 1133 minaxque

118 1140 315 1192 Plenaque
349 1143 512 1180 terroris
544 1153 663 1180 rauco
696 1141 743 1180 de
776 1146 935 1192 gutture
970 1141 1118 1179 fertur.

30 1205 97 1238 485
118 1198 229 1238 Mens
260 1200 417 1250 antiqua
451 1204 578 1238 tamen
611 1200 711 1239 sacta
743 1211 899 1251 quoque
932 1199 1075 1237 mansit
1106 1199 1145 1237 in
1180 1209 1287 1250 ursa,

117 1257 362 1308 Assiduoque
395 1269 486 1296 suos
518 1259 666 1308 gemitu
692 1263 831 1297 testata
863 1257 1017 1296 dolores

118 1315 431 1366 Qualescumquc
465 1327 601 1355 manus
633 1315 679 1354 ad
712 1315 863 1355 caelum
895 1321 934 1354 et
965 1314 1092 1353 sidera
1124 1313 1224 1353 tollit

118 1373 396 1426 ingratumque
422 1373 551 1413 lovem
570 1406 581 1428 ,
612 1380 781 1426 nequeat
808 1386 897 1413 cum
930 1374 1059 1412 dicere
1079 1403 1091 1425 ‚
1122 1373 1263 1412 sentit.

118 1433 148 1472 Α
167 1464 179 1486 ,
210 1434 423 1486 quotiens,
454 1432 534 1472 sola
566 1445 645 1472 non
677 1444 769 1472 ausa
802 1434 1006 1484 quiescere
1039 1430 1157 1483 silva,

31 1498 99 1531 490
119 1491 218 1531 Ante
250 1491 409 1530 domum
441 1491 715 1543 quondamque
748 1493 829 1531 suis
862 1491 1005 1530 erravit
1035 1491 1076 1529 in
1107 1488 1234 1541 agris!

118 1550 178 1602 A,
209 1550 393 1601 quotiens
424 1562 496 1602 per
527 1562 616 1589 saxa
650 1561 791 1589 canum
822 1548 1026 1589 latratibus
1053 1553 1138 1587 acta
1169 1553 1253 1600 est,

117 1607 381 1659 venatrixque
413 1614 520 1648 metu
552 1614 762 1648 venantum
795 1610 930 1647 territa
962 1606 1082 1658 sugit!

119 1666 242 1719 Saepe
275 1667 368 1706 feris
399 1666 512 1706 latuit
543 1668 634 1707 visis
653 1699 664 1720 ,
696 1666 813 1706 oblita
832 1698 844 1719 ‚
877 1665 969 1718 quid
1001 1670 1129 1717 esset,

117 1725 294 1777 Ursaque
326 1731 559 1777 conspectos
590 1727 630 1765 in
662 1725 859 1765 montibus
892 1725 1048 1764 horruit
1079 1733 1216 1774 ursos,

31 1791 97 1823 495
119 1783 405 1836 Pertimuitque
436 1783 550 1836 lupos
569 1815 580 1837 ‚
613 1785 788 1836 quamvis
820 1789 931 1836 pater
963 1786 1067 1822 esset
1098 1782 1137 1820 in
1170 1780 1268 1820 illis.

118 1842 219 1882 Ecce
238 1874 250 1896 ‚
281 1841 496 1894 Lycaoniae
528 1842 659 1895 proles
679 1874 689 1894 ,
723 1844 856 1894 ignara
888 1841 1091 1894 parentis,

117 1902 237 1941 Arcas
269 1900 409 1954 adest,
439 1907 500 1941 ter
532 1902 706 1953 quinque
739 1901 821 1940 rere
855 1898 1047 1939 natalibus
1082 1903 1244 1938 auctus:

119 1959 297 2011 Dumque
330 1960 432 1999 seras
464 1961 644 2011 sequitur
662 1991 673 2012 ,
705 1959 798 1999 dum
830 1958 951 1998 saltus
977 1957 1086 2008 eligit
1117 1961 1252 2008 aptos,

118 2017 398 2070 Nexilibusque
430 2018 554 2070 plagis
585 2018 699 2057 silvas
731 2015 1030 2069 Erymanthidas
1056 2014 1200 2067 ambit,

31 2076 260 2117 5001ncidit
290 2077 330 2116 in
362 2083 557 2129 matrem3
588 2088 688 2128 quae
718 2076 865 2116 restitit
895 2074 1044 2115 Arcade
1077 2074 1159 2113 viso

119 2134 170 2175 Et
200 2136 454 2186 cognoscenti
486 2134 622 2175 similis
654 2135 728 2174 suit
747 2165 756 2174 .
796 2133 858 2174 ille
891 2133 1036 2185 refugit

120 2193 369 2246 lnmotosque
401 2193 536 2233 oculos
567 2194 608 2233 in
640 2205 681 2232 se
713 2194 797 2233 sine
829 2192 905 2232 line
937 2196 1135 2232 tenentem

119 2251 284 2292 Nescius
316 2253 526 2304 extimuit,
556 2253 797 2304 propiusque
829 2250 1017 2291 accedere
1049 2250 1176 2289 aventi

123 2309 310 2350 vulnifico
344 2311 471 2350 fuerat
501 2311 651 2351 fixurus
682 2316 843 2362 pectora
869 2309 964 2349 telo.

1011 2374 1058 2408 3*
