1527 2580
570 130 658 171 Vll,
688 135 866 166 119-191
889 159 895 165 .
1051 144 1166 166 meniu
1318 133 1394 174 131

182 240 308 280 Heros
340 242 531 281 Aesonius
563 243 741 292 potitur.
786 241 988 294 spolioque
1021 241 1215 293 superbus

183 299 357 339 Muneris
391 306 591 339 auctorem
624 312 757 339 secum
777 332 787 351 ,
819 300 940 352 spolia
972 300 1122 353 altera,
1154 306 1314 352 portans

183 357 315 398 Victor
346 357 532 398 lolciacos
563 360 692 409 tetigit
724 371 813 397 cum
845 361 1010 410 coniuge
1043 365 1202 411 portus,

241 416 475 456 Haemoniae
508 423 652 456 matres
684 429 755 468 pro
788 419 913 468 gnatis
946 417 1045 456 dona
1078 419 1247 469 receptis

98 483 162 516 180
182 475 478 527 Grandaevique
510 476 644 515 serunt
675 482 806 527 patres
826 507 836 526 ,
869 482 1131 527 congestaque
1163 476 1315 514 llamma

182 533 287 574 Tura
319 534 603 587 liquefaciunt,
635 534 872 585 inductaque
905 534 1090 573 cornibus
1123 546 1262 574 aurum

184 592 346 632 Victima
379 600 468 632 vota
501 593 612 632 litat.
650 593 718 631 sed
751 592 860 631 abest
891 593 1136 644 gratantibus
1168 593 1319 644 Aeson,

186 651 264 691 lam
296 653 456 703 propior
488 651 566 691 leto
599 651 805 702 fessusque
839 651 1027 690 senilibus
1059 653 1192 690 annis.

186 709 283 749 Cum
314 707 371 749 sii:
402 709 647 750 Aesonides:
679 707 716 748 ‘o
750 711 812 749 cui
845 709 987 748 debere
1021 710 1184 749 salutem

100 776 162 808 165
184 768 413 821 Confiteor,
444 771 614 808 coniunx
633 800 643 820 ,
675 780 908 820 quamquam
942 768 1035 807 mihi
1068 774 1208 807 cuncta
1240 766 1403 819 dedisti,

185 826 440 878 Excessitque
472 827 587 866 fidem
619 829 851 866 meritorum
883 828 1047 866 summa'
1066 833 1247 866 tuorum:

186 885 226 924 Si
259 891 387 925 tamen
415 885 487 925 hoc
519 892 714 937 possunt,
753 906 807 913 —
847 885 940 936 quid
978 886 1082 924 enim
1123 897 1200 924 non
1233 886 1404 924 carmina

1123 940 1324 995 possunt?
1349 964 1403 970 —-

185 1002 304 1042 Deme
336 1004 434 1042 meis
465 1005 576 1042 annis
595 1034 606 1055 ,
638 1010 678 1042 et
709 1003 889 1055 demptos
922 1003 1018 1042 adde
1050 1003 1202 1054 parenti
1217 999 1242 1040 .'

185 1060 266 1100 Nec
296 1062 424 1101 tenuit
455 1060 662 1100 lacrimas.
701 1068 804 1100 mota
836 1067 896 1100 est
927 1063 1073 1113 pietate
1105 1061 1301 1111 rogantis,

100 1128 165 1160 170
185 1119 499 1171 Dissimilemque
530 1122 701 1159 animum
734 1119 855 1159 subiit
885 1120 1003 1159 Aeeta
1035 1119 1218 1158 relictus.

185 1177 266 1217 Nec
300 1185 427 1217 tamen
460 1179 623 1218 allectus
655 1177 752 1217 tales
784 1179 962 1217 consessa
996 1174 1132 1228 ‘quod'
1164 1178 1291 1227 inquit

191 1234 360 1276 ‘Excidit
380 1248 448 1276 ore
474 1242 541 1276 tuo
561 1268 572 1289 ,
598 1238 769 1276 coniunx
788 1268 798 1289 ‚
825 1236 954 1276 scelus
973 1234 994 1275 Ῥ
1020 1248 1113 1287 ergo
1133 1247 1205 1287 ego
1226 1236 1405 1285 cuiquam

186 1295 305 1334 Posse
338 1301 427 1334 tuae
459 1295 593 1334 videor
624 1297 793 1347 spatium
826 1294 1088 1334 transcribere
1120 1291 1255 1333 vitae?

187 1353 267 1393 Nec
299 1355 400 1393 sinat
431 1353 504 1392 hoc
524 1353 698 1406 Hecate,
730 1365 803 1392 nec
835 1360 877 1393 tu
909 1354 1012 1405 petis
1032 1365 1183 1404 aequa.
1222 1352 1289 1391 sed
1309 1354 1406 1403 isto,

101 1420 165 1452 175
188 1412 300 1458 Quod
326 1413 428 1464 petis
446 1443 459 1465 ‚
490 1413 670 1464 experiar
702 1413 828 1451 maius
859 1411 952 1450 dare
984 1423 1127 1450 munus
1146 1443 1158 1464 ‚
1190 1409 1324 1450 lason.

187 1473 282 1510 Arte
314 1482 399 1510 mea
430 1472 558 1510 soceri
590 1470 750 1522 longum
782 1469 1058 1522 temptabimus
1090 1481 1250 1522 aevum,

186 1528 273 1568 Non
305 1530 416 1568 annis
447 1540 637 1568 renovare
668 1530 776 1581 tuis3
808 1529 922 1568 modo
955 1528 1040 1567 diva
1073 1528 1262 1567 triformis

186 1587 353 1627 Adiuvet
384 1593 424 1627 et
453 1599 641 1639 praesens
672 1587 898 1639 ingentibus
931 1592 1077 1626 annuat
1108 1587 1214 1625 ausis
1228 1583 1252 1624 .’

186 1645 286 1686 Tres
317 1645 480 1685 aberant
510 1651 646 1685 noctes
664 1677 676 1698 ‚
709 1651 751 1685 ut
782 1658 930 1685 cornua
961 1651 1040 1684 tota
1074 1646 1226 1684 coirent

103 1711 167 1744 180
188 1703 480 1756 Efficerentque
513 1704 648 1743 orbem
669 1734 678 1743 .
715 1710 921 1756 postquam
955 1703 1179 1755 plenissima
1213 1701 1320 1741 fulsit

189 1764 243 1802 Ac
275 1762 396 1802 solida
430 1769 554 1802 terras
586 1763 777 1814 spectavit
808 1764 975 1813 imagine
1007 1761 1121 1813 luna,

189 1821 398 1873 Egreditur
424 1822 538 1860 tectis
570 1826 697 1860 vestes
729 1820 863 1859 induta
894 1821 1111 1871 recinctas,

188 1879 298 1919 Nuda
330 1879 499 1932 pedem,
531 1878 645 1918 nudis
678 1891 835 1918 umeros
867 1879 996 1917 infusa
1028 1877 1199 1929 capillis,

189 1938 359 1989 Fertque
391 1950 506 1989 vagos
538 1937 686 1977 mediae
719 1949 790 1989 per
821 1942 926 1976 muta
958 1936 1110 1975 silentia
1143 1935 1268 1974 noctis

103 2004 167 2036 185
188 1997 417 2036 incomitata
448 1996 621 2048 gradus.
659 1996 838 2034 homines
870 1994 1127 2046 volucresque
1159 1994 1340 2044 serasque

190 2054 366 2095 Solverat
397 2054 471 2094 alta
503 2056 645 2106 quies:
675 2054 782 2093 nullo
814 2065 903 2092 cum
935 2064 1135 2092 murmure
1168 2063 1328 2103 saepes,

189 2113 442 2164 Inmotaeque
473 2112 591 2152 silent
622 2112 810 2163 frondes3
842 2111 931 2151 silet
963 2111 1118 2150 umidus
1150 2113 1240 2150 aer:

190 2171 326 2211 Sidera
357 2171 438 2210 sola
470 2172 615 2210 micant
635 2203 643 2210 .
663 2170 710 2209 ad
742 2182 841 2221 quae
873 2182 942 2209 sua
974 2169 1154 2209 bracchia
1186 2167 1351 2207 tendens

189 2230 267 2270 Ter
298 2242 340 2269 se
373 2231 596 2281 convertit,
628 2234 688 2268 ter
719 2229 885 2280 sumptis
917 2228 1076 2267 flumine
1109 2228 1257 2266 crinem

106 2297 170 2330 190
189 2288 380 2335 lnroravit
411 2289 523 2340 aquis
541 2319 552 2340 ,
584 2287 786 2338 ternisque
817 2286 1030 2326 ululatibus
1062 2298 1130 2325 ora

190 2347 342 2400 Solvit,
373 2353 412 2386 et
443 2349 481 2386 in
515 2345 611 2385 dura
643 2346 851 2385 summisso
883 2344 1028 2398 poplite
1060 2350 1163 2384 terra

1082 2411 1125 2444 9.
