1527 2580
607 135 691 171 X111
707 163 714 180 ‚
742 139 949 172 816—888.
1117 148 1193 171 ms
1361 134 1446 176 279

227 244 293 284 Sol
326 245 430 284 videt
460 258 481 284 e
515 245 620 284 caelo
640 243 662 284 ¹?
695 245 774 285 Soli
808 252 934 285 tamen
969 247 1108 286 unicus
1141 244 1270 284 orbis.

224 302 331 342 Adde
351 335 362 357 ,
394 303 496 355 quod
529 305 568 343 in
602 310 730 343 vestro
763 306 917 356 genitor
949 317 1060 344 meus
1085 316 1255 356 aequore
1288 310 1445 354 regnat.

134 368 204 400 855
224 360 339 402 Hunc
371 362 442 401 tibi
473 362 521 401 do
554 375 764 402 socerum.
803 370 955 402 tantum
982 365 1169 402 miserere
1188 394 1199 415 ,
1230 373 1448 414 precesque

227 420 423 472 Supplicis
455 421 624 461 exaudi:
657 421 727 460 tibi
759 423 863 460 enim
895 421 1189 461 succumbimus
1221 423 1308 460 uni.

226 479 380 530 Quique
407 479 536 519 Iovem
563 486 601 519 et
622 480 772 519 caelum
792 493 936 531 sperno
956 487 996 519 et
1015 479 1257 532 penetrabile
1277 479 1423 519 fulmen
1439 510 1450 531 ,

225 537 373 590 Nerei,
406 545 443 577 te
476 550 643 578 vereor.
682 545 746 577 tua
781 539 942 578 fulmine
975 541 1126 578 saevior
1159 541 1216 578 ira
1248 544 1331 577 est.

225 597 351 647 Atque
384 609 455 647 ego
488 603 736 649 contemptus
768 610 895 636 essem
928 599 1136 649 patientior
1169 597 1309 650 liuius,

135 661 206 694 850
227 654 268 694 Si
301 656 457 706 sugeres
490 668 654 695 omneS.
694 655 763 695 sed
795 669 866 695 cur
899 656 1064 708 Cyclope
1097 656 1256 708 repulso

225 714 320 752 Acin
355 725 488 767 amas,
520 715 776 765 praefersque
809 717 906 754 meis
939 714 1181 766 amplexibus
1213 710 1345 753 Acin?

225 771 291 810 llle
325 778 454 811 tamen
486 773 713 824 placeatque
746 773 848 825 sibi,
881 774 1106 825 placeatque
1139 773 1295 824 licebit,

226 830 338 875 Quod
371 831 542 884 nollem,
575 832 758 884 Galatea,
790 831 889 871 tibi:
928 833 1041 871 modo
1075 834 1185 883 copia
1217 829 1355 870 detur!

227 888 380 928 Sentiet
410 902 496 929 esse
529 890 623 929 mihi
655 896 762 930 tanto
794 903 865 942 pro
899 903 1063 942 corpore
1096 893 1220 929 vires.

134 954 205 986 865
228 946 384 986 Viscera
416 950 500 987 viva
531 949 682 988 trabam
701 981 712 1000 ‚
745 949 972 1000 divulsaque
1003 949 1179 988 membra
1209 960 1281 1000 per
1314 959 1451 999 agros,

225 1005 380 1058 Perque
413 1014 500 1046 tuas
532 1019 710 1060 spargam
744 1029 798 1034 —
831 1010 887 1046 sie
919 1020 960 1046 se
994 1007 1064 1046 tibi
1094 1005 1285 1046 misceat!
1318 1028 1373 1033 —

1305 1065 1451 1103 undas.

227 1123 328 1164 Uror
361 1127 465 1164 enim
483 1157 495 1178 ,
526 1125 734 1177 laesusque
767 1132 969 1165 exaestuat
1000 1127 1130 1165 acrius
1161 1127 1286 1176 ignis,

228 1182 403 1234 Cumque
437 1186 518 1224 suis
550 1185 684 1223 videor
716 1185 941 1224 translatam
973 1183 1122 1224 viribus
1153 1184 1316 1222 Aetnam

226 1241 392 1282 Pectore
424 1244 528 1282 serre
561 1255 677 1282 mee.
717 1255 790 1282 nec
822 1249 894 1296 tu,
926 1243 1111 1295 Galatea,
1143 1243 1312 1281 moveris
1326 1237 1367 1280 .'’

137 1307 207 1340 870
227 1301 334 1341 Talia
365 1304 604 1354 nequiquam
636 1307 800 1352 questus
821 1323 875 1329 —
897 1314 985 1340 nam
1018 1306 1159 1340 cuncta
1191 1299 1369 1339 videbam
1395 1320 1451 1326 -—

229 1361 393 1413 Surgit,
425 1367 465 1400 et
496 1367 540 1400 ut
572 1367 709 1400 taurus
742 1372 856 1400 vacca
890 1359 1128 1399 furibundus
1161 1359 1365 1412 adempta,

229 1419 341 1459 Stare
374 1421 539 1472 nequit,
571 1419 743 1470 silvaque
775 1426 815 1458 et
846 1421 949 1458 notis
981 1418 1143 1458 saltibus
1176 1423 1305 1457 errat:

228 1478 326 1518 Cum
358 1479 467 1518 ferus
498 1480 655 1529 ignaros
687 1490 760 1517 nec
792 1480 1002 1529 quiequam
1034 1477 1108 1516 tale
1142 1478 1325 1516 timentes

228 1537 289 1576 Me
320 1537 425 1576 videt
456 1543 572 1588 atque
604 1537 700 1575 Acin
720 1568 731 1589 ,
763 1533 923 1575 “video'
956 1548 1032 1587 que
1070 1535 1261 1574 exclamat
1292 1532 1348 1573 ‘et
1379 1535 1452 1573 ista

137 1600 206 1633 875
228 1595 370 1635 Ultima
403 1597 482 1649 sit,
514 1597 651 1635 faciam
671 1627 681 1647 ‚
713 1594 876 1634 Veneris
909 1594 1115 1635 concordia
1149 1600 1299 1632 vestrae
1316 1589 1356 1632 .'’

228 1654 430 1705 Tantaque
462 1666 535 1693 vox
553 1685 565 1706 ,
597 1660 780 1705 quantam
814 1653 978 1705 Cyclops
1010 1655 1133 1692 iratus
1164 1652 1309 1691 habere

229 1712 400 1765 Debuit,
431 1712 495 1751 illa
528 1713 629 1751 fuit.
668 1713 838 1752 clamore
870 1713 1098 1763 perhorruit
1129 1712 1275 1750 Aetne.

228 1772 298 1811 Ast
328 1783 400 1823 ego
431 1773 559 1810 vicino
590 1772 789 1822 pavefacta
822 1770 894 1809 sub
927 1782 1098 1821 aequore
1131 1781 1311 1822 mergor,

228 1830 354 1882 Terga
386 1831 499 1881 fugae
532 1829 694 1868 dederat
725 1841 912 1869 conversa
946 1828 1191 1880 Symaethius
1223 1828 1364 1867 heros:

135 1894 208 1926 880
229 1886 366 1928 “Affer
386 1901 500 1940 opem
519 1920 530 1940 ‚
556 1888 710 1926 Galatea
729 1920 739 1941 ‚
765 1900 907 1939 precor
925 1919 935 1940 ‚
962 1888 1055 1926 mihi
1076 1887 1083 1926 !
1112 1888 1210 1925 ferte
1230 1892 1413 1937 parentes
1426 1880 1454 1936 ,’

229 1948 387 1988 Dixerat
418 1945 474 1987 ‘et
504 1948 645 1985 vestris
675 1949 899 1998 periturum
930 1947 1121 1985 admittite
1155 1942 1340 1996 regnis.''

230 2008 456 2058 Insequitur
488 2005 652 2056 Cyclops
671 2037 682 2057 ‚
713 2012 944 2057 partemque
977 2017 997 2043 e
1030 2010 1161 2044 monte
1193 2003 1386 2042 revulsam

229 2066 376 2117 Mittit,
408 2071 448 2104 et
473 2072 673 2104 extremus
706 2066 882 2115 quamvis
915 2066 1093 2115 pervenit
1124 2062 1170 2101 ad
1203 2061 1335 2115 illum,

229 2124 405 2176 Angulus
435 2125 470 2162 is
501 2123 614 2162 molis
646 2128 773 2162 totum
805 2129 935 2162 tamen
970 2122 1102 2161 obruit
1132 2122 1253 2160 Acin.

138 2189 208 2220 885
231 2184 278 2222 At
310 2195 410 2235 nos,
442 2183 547 2233 quod
579 2181 707 2221 solum
738 2182 823 2220 fieri
855 2194 926 2232 per
958 2182 1034 2220 sata
1065 2179 1230 2232 licebat,

229 2242 440 2293 Fecimus,
472 2246 517 2280 ut
546 2241 650 2279 vires
682 2245 900 2279 assumeret
930 2241 1019 2279 Acis
1051 2241 1194 2278 avitas,

228 2300 428 2340 Puniceus
459 2299 507 2339 de
539 2298 641 2338 mole
673 2311 792 2338 cruor
823 2298 1030 2351 manabat,
1062 2305 1102 2338 et
1132 2300 1234 2337 intra

228 2358 435 2410 Temporis
467 2359 653 2410 exiguum
683 2357 807 2398 rubor
838 2369 1072 2398 evanescere
1105 2357 1258 2409 coepit,
