1440 2506
42 129 110 165 XII

41 252 143 278 nam.
193 251 312 278 versu
342 237 519 287 proximo
553 237 742 274 obstantes
771 245 894 272 remos
918 233 1114 271 librorum
1139 230 1315 270 omnium
1338 232 1385 270 ut

41 298 155 348 potui
186 297 401 335 emendavi.
450 295 549 333 remi
580 306 669 332 cum
700 305 724 332 a
753 293 973 342 remigibus
1004 291 1302 341 relinquuntur,
1342 291 1385 328 in

42 356 306 395 mediocribus
337 354 507 403 navigiis
538 353 705 391 haerent
735 352 892 390 scalmis
919 352 960 389 et
986 350 1164 400 struppis
1191 350 1386 399 suspensi,

43 417 85 453 et
121 416 191 452 aut
226 415 367 452 natant
402 412 621 450 manubriis
660 412 880 449 introrsum
915 410 1061 459 versis,
1106 409 1177 446 aut
1212 408 1387 458 pendent

46 474 206 523 propter
236 474 355 522 latus,
386 472 479 509 navi
504 472 622 509 vento
655 471 785 520 eunte,
818 478 850 507 X
870 470 968 508 475.
1017 469 1091 507 hoc
1123 468 1257 506 autem
1286 468 1387 517 loco,

44 546 132 570 cum
169 532 351 570 navicula
392 530 565 579 sistitur,
596 542 631 568 v.
655 530 756 579 660,
800 529 899 566 remi
938 528 1195 577 implicantur
1233 527 1275 564 et
1315 526 1388 564 im-

43 591 274 640 pediuntur,
309 590 410 638 664,
443 589 608 627 simulac
640 588 896 637 deseruntur,
931 588 1028 636 670,
1060 586 1289 636 eriguntur,
1321 585 1389 623 ab·

45 650 164 699 stant,
195 649 459 687 abstinentur.
520 647 710 685 credibile
742 647 804 685 est
834 647 1037 685 obstituros
1066 645 1209 695 fuisse,
1241 644 1277 683 si
1306 655 1389 682 ma-

42 720 116 746 nus
161 707 485 756 admoverentur,
524 707 665 745 obverti
702 706 1018 754 temptarentur3
1061 717 1155 742 nam
1192 704 1390 742 obvertun—

44 770 106 805 tur
136 766 219 804 sere
244 778 344 815 quae
371 778 391 803 e
416 766 527 803 motu
551 764 718 802 fortuito
745 764 795 801 ad
821 766 975 802 certum
1000 763 1120 801 finem
1146 763 1389 812 diriguntur,

43 833 79 863 11
99 826 184 864 470
215 833 264 863 XI
284 825 367 862 475
402 832 470 862 XII
492 824 593 862 605:
627 823 697 861 sed
726 823 838 872 ipsae
875 834 1016 860 manus
1049 822 1163 859 extra
1192 821 1391 870 parietem

43 884 155 922 navis
199 884 353 932 porrigi
395 895 475 921 non
516 883 721 932 poterant,
761 895 798 920 v.
826 883 921 920 676.
1073 877 1159 918 724
1197 880 1391 919 TRUNCA

45 950 132 981 SED
171 949 444 980 osTENDENS
481 948 699 979 Dnmc'ms
735 947 959 978 VULNERA
995 946 1216 977 MEMBRIS.
1274 938 1391 977 dede-

44 1013 131 1039 ram
163 1001 257 1039 olim
289 1002 330 1038 et
360 1000 492 1038 editur
521 1000 643 1049 vulgo
677 1011 697 1036 e
728 999 842 1037 libris
873 998 1056 1048 plurimis
1088 999 1255 1037 disiectis
1277 1009 1392 1036 mem-

45 1061 142 1107 bris,
179 1059 240 1097 uti
277 1060 339 1097 est
375 1067 443 1096 XII
464 1059 546 1096 367
581 1059 777 1096 disiectum
812 1058 979 1095 vulnere.
1042 1057 1112 1095 sed
1147 1069 1276 1106 neque
1313 1056 1392 1094 dis-

45 1118 185 1167 iectas,
236 1118 305 1156 sed
354 1118 504 1156 ablatas
552 1129 692 1154 manus
739 1116 929 1166 legimus,
978 1128 1107 1165 neque
1156 1115 1266 1153 aliud
1314 1115 1392 1153 dici

46 1176 260 1225 attinebat,
305 1188 393 1213 cum
437 1175 636 1213 ablativus
679 1175 847 1223 uterque
889 1174 1063 1224 pendeat
1105 1174 1156 1212 ab
1195 1174 1392 1213 adjectivo

46 1238 194 1273 trunca.
244 1235 387 1273 deicere
417 1234 583 1272 verbum
615 1234 678 1271 est
707 1233 913 1282 impensae
937 1233 1166 1282 violentiae,
1199 1245 1278 1282 qua
1309 1232 1391 1270 ani-

45 1294 200 1331 mantes
239 1293 310 1330 aut
345 1293 565 1330 inanimata
601 1292 800 1329 tolluntur
838 1293 879 1329 et
916 1292 1199 1335 absumuntur,
1230 1299 1286 1330 111
1306 1293 1391 1330 303

47 1360 96 1390 IX
122 1353 204 1390 196
242 1351 364 1400 Verg.
396 1351 494 1388 Aen.
526 1358 576 1388 IX
598 1351 682 1389 770
719 1358 769 1388 XI
792 1351 874 1388 642
910 1351 992 1389 665
1031 1349 1121 1389 Val.
1151 1350 1212 1388 Fl.
1249 1359 1267 1388 1
1295 1352 1392 1389 191.

47 1410 215 1459 denique
256 1410 353 1447 haec
397 1410 458 1447 est
496 1409 537 1445 M
575 1408 792 1447 auctoritas
836 1409 958 1458 atque
993 1409 1124 1458 prima
1161 1409 1246 1448 eius
1285 1409 1395 1448 modi

49 1469 263 1517 scriptura,
303 1468 430 1517 cuius,
474 1468 593 1516 longe
632 1479 749 1516 saepe
787 1468 990 1518 graviora,
1034 1468 1216 1517 exempla
1252 1468 1394 1518 quovis

48 1527 192 1565 abhinc
221 1526 324 1564 libro
356 1527 470 1564 terna
502 1527 572 1563 aut
602 1527 808 1576 quaterna,
839 1534 922 1564 XIV
954 1539 1033 1576 sex,
1063 1538 1168 1565 nova.
1191 1527 1395 1576 proferen-

49 1586 134 1635 tur;
166 1585 303 1623 eodem
332 1584 416 1622 fere
446 1596 623 1634 numero,
654 1597 731 1634 quo
756 1585 798 1622 in
822 1585 1031 1634 proecdosi
1057 1586 1127 1623 aut
1152 1585 1394 1624 emendatio-

49 1656 119 1682 nes
151 1645 222 1681 aut
253 1643 573 1681 emendationum
604 1644 878 1681 sustentacula
908 1656 956 1682 ex
992 1656 1038 1682 eo
1068 1644 1172 1683 libro
1205 1645 1301 1683 sunt
1330 1644 1394 1683 de-

51 1703 221 1768 sumpta.
340 1702 523 1739 Aliorum
553 1702 799 1740 coniecturas
830 1702 872 1740 in
902 1702 976 1741 hoc
1001 1703 1104 1741 libro
1129 1715 1209 1742 non
1232 1703 1395 1742 memim

51 1761 174 1810 recipi
204 1761 483 1810 praeterquam
514 1759 682 1810 Hauptii
714 1762 811 1810 597,
852 1773 972 1810 quam
1008 1762 1239 1811 praeiverat
1268 1761 1394 1800 Lach-

50 1831 218 1858 mannus
258 1819 373 1857 Lucr.
410 1827 458 1857 IV
493 1820 623 1869 11303
673 1820 730 1869 et,
779 1821 894 1870 puto,
944 1821 1250 1870 typothetarum
1299 1821 1396 1859 olim

51 1890 230 1916 meorum
268 1878 350 1916 576
392 1878 602 1925 quendem,-
643 1889 737 1915 nam
775 1879 816 1916 et
851 1878 1149 1928 MLfflabent
1190 1880 1396 1930 quondam,

52 1936 158 1986 quod
176 1936 375 1985 Hauptius
400 1937 669 1986 revocaverat,
693 1949 821 1986 neque
844 1937 973 1975 ullum
997 1937 1147 1976 librum
1171 1939 1244 1977 aut
1262 1939 1396 1977 aucto-

52 2007 137 2033 rem
166 1995 276 2044 novi,
313 1995 375 2033 cuj
406 1995 578 2032 alterum
608 1995 795 2033 tribuam.
843 1996 886 2034 in
915 1995 1138 2034 manifestis
1168 1996 1212 2034 M
1241 1996 1396 2036 mendis

53 2053 300 2092 removendis
338 2054 707 2104 grammaticorum,
751 2054 895 2092 codicis
933 2055 966 2092 L
1010 2055 1053 2093 et
1087 2055 1398 2095 Heinsianorum

53 2112 158 2150 idem
188 2124 284 2150 usus
315 2112 404 2162 fuit,
435 2113 502 2161 qui
531 2113 572 2150 in
603 2113 874 2162 superioribus
905 2114 1031 2152 libris.
1081 2113 1152 2153 sed
1182 2114 1296 2164 coepi
1329 2115 1397 2152 ab-

53 2171 146 2208 hinc
189 2171 350 2209 enotare
388 2183 488 2220 quae
519 2171 759 2209 Erfurtanus
796 2172 1006 2223 vetustior,
1046 2172 1141 2211 olim
1181 2184 1206 2212 a.
1243 2173 1396 2212 Zinzer-

53 2229 177 2279 lingio
216 2229 439 2279 adhibitus,
475 2230 574 2267 mihi
605 2230 888 2280 suppeditavit.
938 2231 1081 2269 admisi
1110 2231 1209 2270 haec
1240 2244 1397 2282 quoque

54 2288 174 2337 paulo
219 2300 339 2337 quam
381 2288 475 2326 olim
517 2289 693 2338 parcius,
736 2301 808 2328 nec
852 2302 939 2328 sum
981 2290 1171 2340 dignatus
1215 2291 1397 2340 quamvis

55 2347 198 2396 argute
240 2347 484 2396 interpolata
528 2349 569 2386 et
605 2347 827 2388 eruditione
871 2349 955 2387 eius
1000 2350 1088 2389 aevi
1131 2349 1312 2401 delibuta
1346 2349 1398 2387 ad
