1507 2580
1271 105 1373 141 XXV

36 216 120 254 756
153 209 262 266 (cum
280 209 359 266 11⁴3)
393 215 475 252 763
510 215 592 252 806
628 216 710 252 807
745 215 828 252 823
866 217 1014 263 putans
1044 227 1116 263 pro
1136 226 1219 253 var.
1239 217 1374 266 script.

152 327 259 370 LIB.
291 326 398 369 VH]
441 345 477 370 v.
509 328 563 370 87
608 333 649 369 in
692 331 733 369 M
776 331 966 370 omissum
1009 331 1151 381 abieci,
1195 333 1375 381 quamvis

35 390 142 440 apud
179 389 428 428 Priscianum
471 390 496 427 l.
529 398 558 427 v
590 403 627 438 p.
657 391 737 427 152
783 390 897 428 libris
941 392 1100 439 praeter
1142 389 1376 430 Leidensem

34 449 226 488 traditum
271 448 471 498 omnibus,
515 448 688 486 absurda
726 448 884 498 quidem
922 450 1130 498 scriptura,
1175 461 1274 498 quae
1316 452 1378 488 est

35 507 157 546 etiam
186 507 228 545 in
258 507 291 545 Ε
322 508 471 546 nostro.
531 519 659 556 neque
690 507 835 545 codicis
866 510 1004 546 nostra
1042 508 1259 546 auctoritas
1292 509 1378 547 sola

35 578 126 605 eum
151 566 327 616 damnat,
362 577 490 615 neque
515 565 710 604 Prisciani
734 566 926 616 tuebitur,
958 566 1068 604 cuius
1094 566 1171 605 loci
1195 567 1377 618 pristina,

36 636 137 675 quae
179 625 222 662 in
261 624 293 662 L
332 625 532 674 servatur,
570 624 700 662 forma
736 637 853 674 quem
891 625 1103 663 admodum
1140 625 1318 664 sublecto
1356 638 1378 664 e

34 683 216 733 margine
247 681 380 721 Ovidii
415 695 534 722 versu
570 683 727 721 turbari
764 684 955 732 coeperit,
993 684 1028 721 D
1067 686 1379 722 commonstrare

34 741 204 780 videtur.
261 744 371 780 extat
407 741 585 780 eiusdem
627 741 735 780 modi
772 741 975 780 adnotatio
1013 742 1054 779 in
1091 743 1271 792 margine
1307 741 1379 780 LK

33 813 72 850 p,
101 801 197 850 128,
225 801 261 838 6.
318 799 451 839 Ovidii
481 800 606 838 libros
639 811 763 849 aeque
795 812 913 849 quam
938 800 1133 839 Prisciani
1163 801 1375 851 pervulga-

32 860 98 897 tos
129 859 180 897 ab
212 858 330 897 huius
361 859 578 897 lectoribus
611 860 681 896 aut
713 859 853 897 scribis
887 871 1023 908 saepe,
1061 870 1133 897 nec
1163 860 1289 898 multo
1320 860 1379 897 iu-

35 917 148 967 dicio,
180 916 380 955 adhibitos
411 917 523 966 ipsae
555 917 775 966 scripturae
807 917 964 966 docent,
996 917 1109 955 velut
1139 929 1229 955 cum
1259 918 1380 966 paulo

34 975 201 1014 inferius
223 989 260 1024 p.
284 976 380 1025 156,
410 976 462 1013 18
495 976 537 1013 in
562 976 788 1025 archetypis
814 974 1014 1025 RDAHK,
1038 988 1117 1014 non
1138 975 1218 1025 GL,
1245 977 1382 1026 glossa

34 1034 302 1072 interlinearis
340 1033 519 1072 codicum
560 1036 722 1083 recepta
765 1036 837 1072 est.
900 1034 1041 1083 quodsi
1076 1035 1142 1073 vel
1179 1036 1382 1073 constaret

35 1092 285 1131 Priscianum
315 1093 448 1142 ipsum
479 1093 593 1131 libris
615 1092 748 1132 Ovidii
779 1104 859 1131 non
889 1093 1065 1142 egregiis
1097 1105 1214 1132 usum
1244 1093 1381 1143 fuisse,

34 1151 135 1190 nihil
179 1151 403 1189 efficeretur
452 1152 531 1189 nisi
577 1152 669 1201 hoc,
718 1153 765 1189 ut
813 1152 1132 1200 interpolationis
1183 1151 1380 1200 quoddam

36 1221 180 1260 genus,
218 1209 323 1259 quod
361 1210 575 1248 secundum
607 1209 785 1260 appello,
818 1210 974 1248 saeculo
1008 1210 1145 1258 quinto
1178 1210 1380 1259 antiquius

35 1268 264 1307 haberetur.
325 1279 371 1306 ac
407 1269 580 1317 primum
618 1268 724 1317 quod.
761 1268 865 1318 dico,
903 1270 1042 1317 estque
1081 1268 1262 1306 doctrina
1297 1268 1382 1307 fere

35 1327 186 1377 eadem,
212 1339 291 1376 qua
321 1327 481 1376 spuriae
505 1326 700 1365 Heroides
726 1327 894 1376 insigne,
926 1327 1052 1364 multo
1079 1329 1142 1364 est
1164 1327 1382 1377 vetustius;

37 1385 253 1424 secundum
290 1385 401 1423 cuius
438 1385 526 1424 aevi
563 1385 633 1435 sit,
675 1385 794 1434 plane
829 1385 928 1422 mihi
966 1385 1147 1423 dubium:
1189 1397 1265 1434 quo
1302 1397 1383 1424 non

35 1444 309 1494 laevigantur,
347 1446 607 1493 exornantur,
645 1455 746 1493 quae
776 1444 841 1482 vel
877 1444 1021 1482 vitium
1058 1444 1280 1493 traxerant,
1317 1443 1382 1482 vel

36 1503 161 1552 aliqui
204 1501 469 1552 displicebant
512 1502 723 1541 eruditulis
767 1502 915 1541 saeculi
958 1511 1008 1540 IX
1051 1503 1122 1540 aut
1158 1511 1206 1552 x,
1249 1504 1297 1540 ut
1334 1502 1382 1540 de

35 1561 156 1600 tertio
193 1560 417 1599 indicabam
453 1574 491 1610 p.
510 1569 576 1610 vl,
622 1561 692 1599 sed
727 1560 1026 1600 vetustissimae
1062 1562 1239 1610 tantum,
1280 1572 1382 1610 quae

37 1619 178 1658 adesse
203 1619 454 1670 videbantur,
484 1620 649 1658 lacunae
675 1620 778 1657 mira
806 1620 1041 1669 plerumque
1072 1619 1258 1657 barbarie
1291 1631 1381 1668 sup-

36 1678 209 1728 plentur,
239 1690 429 1717 versuum
459 1678 682 1727 particulae
713 1680 784 1716 aut
814 1678 1067 1716 hemistichia
1099 1690 1122 1715 a
1146 1679 1266 1726 poeta
1285 1676 1381 1714 Ver-

36 1737 188 1787 giliano
214 1737 392 1786 exemplo
418 1737 570 1775 relicta.
621 1736 846 1786 suspicatus
872 1736 920 1774 de
946 1737 1008 1774 his
1034 1736 1167 1773 fuerat
1191 1735 1381 1774 Heinsius

37 1795 89 1833 ad
124 1802 211 1833 XIII
232 1796 315 1834 333
354 1797 396 1833 et
431 1796 645 1845 coeperant
680 1794 847 1833 indicari
877 1794 920 1833 in
959 1794 1178 1843 proecdosi.
1238 1794 1382 1844 imper-

36 1853 162 1893 fectos
193 1865 334 1893 versus
365 1855 550 1903 uterque,
582 1855 698 1904 puto,
737 1854 974 1891 dixeramus.
1036 1852 1103 1891 sed
1134 1863 1262 1901 nuper
1292 1863 1382 1890 cum

38 1910 211 1951 Senecae
241 1913 373 1951 locum
404 1911 590 1951 Controv.
621 1921 704 1951 XVI
737 1914 835 1950 extr.
866 1911 1104 1961 relegerem,
1141 1911 1252 1949 visus
1283 1910 1382 1948 mihi

38 1982 128 2010 sum
164 1970 407 2020 deprendere
444 1971 546 2009 alius
583 1970 691 2009 modi
727 1970 1012 2009 testimonium.
1072 1969 1259 2007 videntur
1301 1969 1382 2007 iam

36 2030 125 2068 tum
159 2029 302 2080 fuisse,
339 2030 409 2080 qui
444 2029 539 2068 data
576 2041 697 2079 opera
732 2040 804 2067 nec
841 2028 926 2066 sine
957 2027 1124 2066 artifieio
1156 2027 1382 2077 Vergilium

36 2087 118 2126 ista
147 2088 330 2137 posuisse
362 2089 602 2126 statuerent:
636 2087 779 2137 quibu's
812 2097 901 2125 eum
923 2086 1007 2125 illic
1032 2088 1169 2135 aperte
1196 2085 1383 2125 Ovidium

38 2146 253 2185 accessisse
289 2148 489 2196 narretur,
525 2147 592 2184 vix
622 2146 748 2183 ullum
779 2157 917 2184 eorum
947 2146 1141 2195 locorum,
1174 2157 1271 2194 quos
1303 2144 1381 2193 pri-

39 2203 130 2243 dem
160 2217 206 2244 eo
238 2217 384 2255 genere
414 2205 651 2254 habueram,
688 2204 807 2254 longe
839 2204 990 2242 distare
1021 2203 1071 2242 ab
1104 2203 1281 2252 exemplo
1312 2202 1382 2240 illo

38 2274 86 2301 ex
115 2263 276 2302 Atacini
306 2275 426 2302 versu
462 2263 590 2313 petito
621 2262 788 2312 reperio.
843 2264 941 2312 puto
981 2262 1056 2301 hoc
1086 2273 1244 2311 quoque
1282 2260 1383 2298 nihil

38 2321 224 2360 relietum
255 2334 280 2361 a
309 2324 440 2374 poeta,
472 2333 590 2372 quam
622 2321 874 2360 dimidi-atum
904 2334 941 2361 v.
962 2321 1036 2371 86,
1068 2320 1239 2359 alterum
1271 2319 1382 2357 dimi·
