1538 2496
154 107 239 150 202
383 118 556 142 censui:
706 103 922 138 METAMM
932 132 940 141 .

271 218 361 256 Flos
394 216 510 255 habet
540 215 775 265 inscriptum
793 245 804 266 ,
837 213 1068 265 funestaque
1100 213 1230 254 littera
1261 214 1377 254 ducta
1408 222 1488 255 est.

271 276 351 315 Nec
383 276 563 327 genuisse
595 273 717 324 pudet
748 271 915 324 Sparten
946 271 1192 324 Hyacinthon
1210 304 1221 326 ‚
1251 272 1455 325 honorque

272 334 394 373 Durat
424 335 463 372 in
496 332 570 370 hoc
602 332 711 383 aevi,
744 330 1054 382 celebrandaque
1085 342 1195 370 more
1226 333 1404 383 priorum

272 394 407 431 Annua
438 390 609 442 praelata
640 389 808 428 redeunt
838 388 1068 441 Hyacinthia
1098 401 1262 441 pompa.

186 459 252 491 220
330 451 378 488 At
409 451 442 488 si
473 450 573 488 forte
606 460 720 500 roges
752 447 960 487 fecundam
991 448 1225 488 Amathunta
1257 449 1445 502 metallis,

271 510 329 547 An
361 509 544 560 genuisse
575 507 668 546 velit
697 506 952 558 Propoetidas
970 538 981 560 ,
1013 506 1159 547 abnuet
1189 519 1312 558 aeque

271 568 396 618 Atque
429 566 515 605 illos
534 598 545 619 ‚
577 566 731 617 gemino
764 565 960 616 quondam
992 564 1134 617 quibus
1165 577 1303 618 aspera
1334 578 1455 606 cornu

270 625 395 664 Frons
427 630 512 664 erat
528 639 539 674 ;
571 624 674 664 unde
707 626 822 664 etiam
855 636 997 663 nomen
1029 629 1184 664 traxere
1217 624 1422 664 Cerastae.

273 685 371 723 Ante
404 684 510 723 fores
541 683 683 723 horum
716 683 843 722 stabat
872 683 974 722 Iovis
1005 682 1180 735 Hospitis
1206 696 1294 737 ara,

184 751 250 782 225
270 742 444 794 ingluvie
477 742 666 781 sceleris.
705 754 821 793 quam
853 743 975 793 siquis
1007 743 1196 793 sanguine
1227 744 1388 782 tinctam

271 802 426 840 Advena
458 801 647 854 vidisset,
678 805 868 839 mactatos
900 800 1081 839 crederet
1110 800 1189 839 illic

271 860 477 899 Laetantes
508 859 650 898 vitulos
681 858 1050 910 Amathusiacasque
1081 858 1282 899 bidentes.

270 918 423 970 Hospes
455 923 540 957 erat
570 930 708 957 caesus
733 949 740 956 .
780 919 902 957 sacris
933 918 1080 957 offensa
1112 917 1314 971 nefandis,

271 977 359 1028 Ipsa
391 988 481 1016 suas
512 976 632 1016 urbes
665 975 931 1027 Ophiusiaque
964 988 1053 1015 arva
1083 976 1245 1028 parabat

185 1044 252 1075 230
272 1035 463 1074 Deserere
496 1035 593 1074 alma
625 1034 785 1074 Venus.
825 1031 923 1073 “sed
957 1034 1049 1085 quid
1081 1035 1165 1074 loca
1198 1040 1335 1088 grata,
1368 1036 1460 1087 quid

1377 1094 1496 1134 urbes

274 1153 492 1192 Peccavere
525 1164 634 1191 meae
653 1149 675 1191 *Ρ
707 1151 811 1203 quod
844 1148 1009 1191 crimen'
1042 1152 1139 1191 dixit
1171 1149 1227 1191 ‘in
1257 1149 1368 1192 illis?

271 1211 397 1250 Exilio
428 1223 595 1263 poenam
626 1212 758 1262 potius
790 1222 886 1262 gens
917 1212 1034 1262 impia
1065 1210 1233 1263 pendat,

273 1269 341 1309 Vel
371 1282 468 1309 nece
487 1301 498 1323 ‚
528 1269 589 1308 vel
621 1269 749 1320 siquid
782 1269 954 1308 medium
984 1270 1202 1321 mortisque
1233 1270 1449 1321 fugaeque.

273 1329 394 1380 quue
415 1328 508 1379 quid
529 1340 615 1367 esse
634 1333 788 1380 potest,
808 1329 885 1367 nisi
898 1339 1032 1367 versae
1046 1340 1173 1380 poena
1185 1328 1332 1380 figurae
1342 1325 1430 1368 ⁸?''t-
1444 1336 1497 1363 eli-

186 1395 253 1427 235
274 1387 375 1426 Dum
407 1386 587 1439 dubitat,
620 1398 696 1437 quo
728 1391 855 1426 mutet
885 1398 953 1426 eos
971 1418 982 1440 ‚
1014 1386 1060 1426 ad
1094 1398 1240 1426 cornua
1270 1387 1420 1427 vultum

274 1446 400 1484 Flexit
421 1477 433 1498 ‚
465 1451 505 1484 et
535 1445 732 1484 admonita
763 1450 823 1484 est
852 1444 949 1484 haec
979 1444 1056 1484 illis
1086 1457 1203 1497 posse
1234 1446 1427 1498 relinqui:

275 1503 522 1555 Grandiaque
553 1505 594 1542 in
625 1509 757 1543 torvos
788 1504 1042 1542 transformat
1078 1503 1253 1543 membra
1289 1506 1497 1544 iuvencos

335 1562 437 1602 Sunt
471 1568 603 1601 tamen
641 1561 833 1601 obscenae
865 1561 1059 1601 Venerem
1089 1561 1346 1614 Propoetides
1383 1575 1498 1603 ausae

274 1621 373 1660 Esse
405 1633 548 1672 negare
580 1620 721 1660 deam.
758 1632 830 1672 pro
864 1632 941 1671 quo
974 1633 1043 1660 sua
1061 1652 1073 1671 ,
1104 1622 1276 1660 numinis
1306 1623 1389 1675 ira,

188 1688 255 1720 240
276 1680 449 1731 Corpora
481 1692 571 1719 cum
602 1680 727 1718 forma
757 1680 905 1730 primae
936 1679 1116 1731 vulgasse
1147 1680 1353 1721 feruntur:

276 1738 405 1790 thue
436 1738 565 1790 pudor
597 1740 738 1790 cessit,
770 1739 1008 1789 sanguisque
1039 1738 1220 1778 induruit
1249 1740 1354 1793 oris,

275 1797 318 1836 In
350 1796 520 1848 rigidum
551 1809 670 1848 parvo
703 1796 853 1836 silicem
883 1796 1109 1853 discrimine
1141 1809 1299 1837 versae.
1392 1806 1499 1833 toui-

336 1855 440 1901 Quas
472 1858 563 1907 quia
592 1855 818 1907 Pygmalion
850 1867 988 1894 aevum
1018 1867 1090 1907 per
1122 1857 1272 1895 crimen
1303 1862 1463 1908 agentes

276 1913 434 1953 Viderat
449 1946 461 1967 ,
493 1915 667 1953 offensus
697 1915 830 1966 vitiis,
862 1925 961 1964 quae
991 1913 1160 1965 plurima
1190 1916 1314 1954 menti

191 1979 256 2011 245
277 1972 484 2012 Femineae
516 1978 658 2012 natura
689 1972 825 2025 dedit,
857 1973 942 2011 sine
974 1974 1139 2024 coniuge
1171 1972 1324 2013 caelebs

277 2030 466 2083 Vivebat,
496 2031 734 2082 thalamique
767 2030 833 2070 diu
866 2036 1049 2070 consorte
1081 2030 1260 2071 carebat.

277 2088 430 2128 Interea
461 2091 618 2128 niveum
649 2091 748 2128 mira
779 2089 946 2129 feliciter
977 2095 1060 2129 arte

280 2146 453 2199 Sculpsit
484 2147 611 2201 ebur,
642 2148 885 2199 formamque
917 2147 1053 2202 dedit,
1085 2160 1160 2200 qua
1190 2149 1334 2189 femina
1365 2150 1472 2189 nasci

278 2205 391 2244 Nulla
421 2211 579 2257 potest:
611 2208 820 2258 operisque
853 2207 916 2246 sui
947 2209 1128 2259 concepit
1158 2219 1353 2248 amorem.

192 2270 260 2304 250
279 2262 449 2315 Virginis
480 2269 541 2303 est
571 2276 685 2303 verae
717 2265 866 2318 facies,
897 2277 1012 2316 quam
1044 2267 1174 2305 vivere
1206 2266 1366 2320 credas,

279 2321 329 2361 Et
345 2353 358 2375 ‚
389 2323 423 2361 si
454 2333 533 2361 non
565 2321 694 2362 obstet
725 2325 975 2377 reverentia,
1007 2324 1105 2364 velle
1136 2326 1309 2365 moveri:
