1518 2501
72 44 129 85 20
271 55 394 77 svnmx
408 69 415 76 .
442 53 479 76 ιο
617 36 833 73 ΜΕΤΑΜΜ
845 62 854 71 .

189 152 365 192 Corneus
395 151 488 189 huic
520 160 665 199 arcus,
697 148 730 184 si
762 158 840 184 non
872 146 975 183 soret
1007 156 1150 183 aureus
1181 143 1260 182 illi.

190 211 255 249 Sic
287 222 443 260 quoque
477 206 661 245 fallebat.
700 205 931 243 redeuntem
963 202 1060 242 colle
1093 202 1242 253 Lycaeo

187 269 267 307 Pan
300 268 404 306 vIdet
434 266 564 316 hanc,
595 265 768 315 pinuque
801 268 919 313 caput
949 262 1198 312 praecinctus
1231 264 1342 298 acuta

103 335 171 367 700
188 327 293 365 'l'alia
325 325 440 363 verba
473 319 609 362 refert'
642 344 697 349 —
730 321 902 360 restabat
932 320 1045 359 verba
1082 319 1256 370 referre,

192 385 237 423 Et
269 383 451 435 precibus
483 383 626 432 spretis
658 381 804 430 fugisse
837 391 907 430 per
939 381 1020 417 avia
1053 377 1286 428 nympham,

190 444 321 482 Donec
353 441 533 479 harenosi
566 439 760 490 placidum
792 438 960 476 Ladonis
991 436 1037 475 ad
1071 448 1224 474 amnem

189 501 376 540 Venerit.
408 499 472 537 hic
498 498 601 537 illam
634 509 794 536 cursum
826 494 1130 547 impedientibus
1163 493 1302 546 undis,

188 559 239 598 Ut
270 571 310 597 se
344 563 570 609 mutarent,
601 556 767 606 liquidas
799 567 932 593 orasse
965 565 1146 592 sorores:

103 626 171 658 '205
194 618 376 667 Panaque
409 628 498 654 cum
530 627 712 665 prensam
745 614 819 652 sibi
851 615 926 652 iam
959 612 1122 663 Syringa
1154 615 1335 662 putaret,

189 675 362 726 Corpore
382 687 454 726 pro
475 673 665 725 nymphae
686 673 853 711 calamos
874 672 1047 710 tenuisse
1074 670 1292 721 palustres.
1321 676 1351 703 f.
1371 684 1407 701 x.

190 734 368 784 Dumque
401 733 456 771 ibi
488 734 689 783 suspirat,
722 737 848 768 motos
881 731 919 767 in
953 729 1170 767 harundine
1205 732 1342 766 ventos

189 792 378 831 Effecisse
410 803 550 830 sonum
584 798 742 828 tenuem
774 789 1020 838 similemque
1054 787 1261 837 querenti;

194 850 305 900 [Arte
338 862 435 888 nova
466 850 649 899 vocisque
682 849 799 886 deum
832 847 1038 885 dulcedine
1070 843 1246 895 captum]

99 919 167 949 710
188 907 300 947 “Hoc
334 909 428 947 mihi
460 908 667 946 concilium
701 903 846 945 tecum’
880 906 1024 943 dixisse
1058 899 1302 942 ‘manebstl'’

195 969 319 1017 Atque
353 969 405 1005 ita
436 966 658 1017 disparibus
690 965 847 1003 calamis
880 964 1108 1014 compagine
1141 973 1254 1000 cerae

194 1027 301 1065 Inter
336 1038 377 1064 se
410 1027 554 1063 iunctis
587 1036 728 1062 nomen
763 1024 937 1061 tenuisse
970 1021 1143 1072 puellae.

191 1084 296 1122 Talia
329 1084 508 1122 dicturus
539 1083 630 1121 vidit
667 1082 864 1133 Cyllenius
896 1092 1033 1118 omnes
1087 1121 1178 1135 “

192 1142 457 1181 Succubuisse
490 1141 624 1179 oculos
656 1140 919 1190 adopertaque
952 1138 1097 1176 lumina
1130 1149 1291 1176 somno.

105 1210 171 1239 715
193 1201 412 1251 Supprimit
442 1199 636 1249 extemplo
668 1211 802 1236 vocem
823 1230 833 1248 ,
866 1198 1072 1246 firmatque
1104 1207 1289 1247 soporem

193 1259 391 1310 Languida
423 1258 672 1309 permulcens
704 1257 893 1295 medicata
926 1255 1072 1293 lumina
1104 1257 1234 1305 virga:

195 1318 274 1356 Nec
309 1329 415 1355 mora
435 1348 446 1369 ‚
479 1317 616 1355 falcato
649 1321 850 1354 nutantem
884 1314 1062 1352 vulnerat
1094 1325 1187 1352 ense

195 1376 278 1422 Qua
311 1375 410 1415 collo
442 1383 503 1414 est
534 1376 685 1413 confine
718 1379 864 1425 caput,
897 1384 1068 1422 saxoque
1102 1376 1310 1410 cruentum

194 1435 320 1473 Deicit
351 1440 391 1472 et
422 1434 587 1472 maculat
619 1439 870 1483 praeruptam
904 1432 1093 1481 sanguine
1127 1441 1290 1481 rupem.

109 1501 175 1532 720
195 1494 295 1543 Arge
316 1525 326 1544 ,
357 1494 487 1531 iaces.
527 1492 710 1543 quodque
743 1493 781 1528 in
814 1496 872 1528 tot
902 1489 1047 1528 lumina
1074 1488 1205 1527 lumen
1228 1487 1419 1540 habebas,

195 1551 444 1590 Exstinctum
476 1556 566 1602 est,
597 1556 835 1599 centumque
868 1548 1003 1587 oculos
1024 1560 1098 1586 nox
1120 1553 1288 1598 occupat
1319 1558 1419 1585 una.

197 1610 351 1660 Excipit
382 1609 453 1647 hos
486 1609 733 1659 volucrisque
768 1619 860 1646 suae
895 1607 1076 1645 Saturnia
1109 1607 1250 1657 pennis
1318 1613 1420 1640 fixi·

197 1668 369 1707 Collocat
400 1674 440 1706 et
470 1669 635 1718 gemmis
669 1666 830 1705 caudam
863 1664 1110 1704 stellantibus
1143 1664 1302 1715 implet.

198 1727 384 1765 Protinus
416 1728 590 1778 exarsit,
623 1738 695 1764 nec
725 1731 902 1775 tempora
933 1723 1085 1762 distulit
1116 1724 1221 1775 irae,

111 1795 177 1825 725
199 1786 520 1835 Horriseramque
554 1784 678 1823 oculis
710 1785 918 1833 animoque
950 1782 1095 1820 obiecit
1126 1781 1274 1833 Erinyn

199 1844 361 1882 Paelicis
392 1843 593 1895 Argolicae
613 1875 624 1895 ,
656 1842 912 1892 stimulosque
944 1842 985 1879 in
1005 1846 1178 1901 thore
1211 1851 1350 1879 caecos

200 1902 409 1954 Condidit,
441 1909 480 1941 et
511 1902 715 1953 profugam
748 1913 818 1952 per
850 1906 975 1938 totum
1009 1900 1153 1937 terruit
1183 1898 1342 1937 orbem.

199 1960 368 1999 Ultimus
399 1962 576 1999 inmenso
609 1959 785 1998 restabas
803 1991 815 2012 ,
845 1958 930 1997 Nile
949 1990 961 2011 ,
992 1957 1138 1996 labori.

201 2018 327 2064 Quem
358 2019 519 2057 simulac
552 2020 711 2071 tetigit,
741 2019 879 2069 positis
905 2019 945 2055 in
977 2017 1152 2067 margine
1184 2017 1292 2067 ripae

114 2086 181 2117 '¹130
200 2076 417 2115 Procubuit
447 2077 611 2127 genibus
629 2109 641 2130 ,
672 2078 938 2128 resupinoque
970 2075 1091 2114 ardua
1117 2074 1216 2113 collo

203 2135 310 2180 Quos
342 2137 470 2185 potuit
501 2135 604 2173 solos
623 2167 634 2187 ,
665 2136 807 2174 tollens
839 2135 885 2173 ad
917 2134 1047 2173 sidera
1078 2133 1210 2172 vultus

202 2193 253 2232 Et
283 2195 429 2244 gemitu
460 2199 500 2232 et
530 2193 699 2232 lacrimis
731 2199 771 2233 et
801 2193 997 2232 luctisono
1027 2193 1180 2243 mugitu

204 2251 300 2290 Cum
331 2252 420 2291 Iove
451 2253 532 2290 visa
556 2254 670 2302 queri
701 2257 761 2290 est
791 2253 989 2303 finemque
1020 2262 1134 2290 orare
1165 2249 1380 2289 malorum.
