1554 2506
107 79 190 121 110
339 92 498 114 nnacnxn
654 79 866 114 METAMM
881 107 888 115 .

222 190 500 241 Mnemosynen
533 195 697 242 pastor,
730 190 860 229 varius
892 189 1036 230 Deoida
1070 203 1256 243 serpens.

136 256 200 287 115
222 248 276 287 Te
309 261 465 315 quoque
498 253 691 286 mutatum
724 254 863 301 torvo,
895 248 1104 302 Neptune,
1135 252 1299 290 iuvenco

223 306 408 358 Virgine
398 319 438 346 in
458 306 589 345 Aeolia
608 307 762 373 posuit.
795 312 837 346 tu
864 309 970 347 visus
990 308 1164 360 Enipeus
1192 317 1219 343 1.
1237 316 1449 344 lxvii-lxxxii.

222 365 355 416 Gignis
387 364 571 417 Aloidas,
603 366 704 404 aries
735 364 918 405 Bisaltida
951 366 1074 419 fallis3

220 395 290 462 132⁰
301 430 338 463 te
370 424 464 463 ssava
498 435 628 462 comas
660 424 817 476 frugum
850 426 1054 464 mitissima
1086 431 1210 465 mater

222 465 353 579 Ξῗιείῑ
384 494 558 535 equum,
591 484 715 522 sensit
747 483 944 523 volucrem
977 485 1116 523 crinita
1148 484 1320 524 colubris

135 549 200 580 120
220 540 256 579 M
284 546 342 580 ter
375 543 465 592 equi
499 541 667 580 volucris
685 574 697 594 ‚
729 544 853 581 sensit
884 542 1065 594 delphina
1095 542 1313 582 Melantho.

220 599 411 638 Omnibus
442 600 503 638 his
535 600 752 652 faciemque
785 613 894 639 suam
921 602 1136 652 faciemque
1168 602 1344 641 locorum

219 658 430 697 Reddidit.
470 663 529 698 est
559 659 639 698 illie
671 662 836 710 agrestis
867 662 1033 711 imagine
1066 660 1273 713 Phoebus,

221 716 347 768 thue
379 717 495 756 modo
527 719 726 769 accipitris
757 730 905 769 pennas
925 750 936 771 ‚
967 718 1082 758 modo
1114 724 1224 770 terga
1255 719 1378 759 leonis

220 775 396 815 Gesserit
412 808 424 829 ‚
455 782 499 815 ut
529 782 663 828 pastor
694 776 911 816 Macareida
942 777 1081 816 luserit
1112 777 1244 817 Issen:

133 842 197 874 125
219 834 336 874 Liber
362 840 407 874 ut
425 834 623 886 Erigonen
650 835 743 874 falsa
769 835 970 887 deceperit
989 848 1085 889 uva,
1116 844 1151 870 11.
1167 845 1467 873 lxxxiii-lxxxviii--

219 893 269 933 Ut
301 894 495 933 Saturnus
528 906 628 945 equo
661 896 859 945 geminum
893 894 1061 934 Chirona
1093 897 1259 935 crearit.

219 952 359 992 Ultima
391 965 481 1004 pars
515 953 612 991 telae
646 954 755 991 tenui
788 953 1026 993 circumdata
1058 953 1176 993 limbo

218 1011 419 1050 Nexilibus
446 1012 563 1050 liores
595 1011 752 1050 hederis
784 1011 901 1051 habet
931 1013 1188 1052 intertextos.

217 1069 302 1108 Non
336 1070 430 1108 illud
462 1070 586 1108 Pallas
604 1102 615 1122 ,
648 1082 725 1109 non
759 1070 854 1109 illud
886 1083 1048 1123 carpere
1079 1070 1196 1110 Livor

134 1137 197 1169 130
217 1129 347 1168 Possit
379 1141 477 1180 opus
498 1160 506 1167 .
546 1128 670 1167 doluit
701 1140 888 1168 successu
914 1129 1009 1168 ssava
1041 1131 1195 1182 virago,

217 1187 267 1226 Et
299 1189 405 1238 rupit
436 1189 589 1240 pictas,
623 1187 802 1226 caelestia
836 1189 998 1227 crimina
1016 1221 1028 1241 ‚
1060 1194 1211 1227 vestes.

222 1246 346 1297 thue
380 1245 583 1298 Cytoriaco
616 1246 767 1285 radium
795 1246 841 1285 de
874 1253 1006 1286 monte
1040 1247 1221 1299 tenebat,

218 1306 296 1344 Ter
328 1311 466 1356 quater
498 1304 694 1344 ldmoniae
728 1305 897 1345 frontem
928 1307 1126 1357 percussit
1155 1305 1375 1345 Arachnes.

218 1364 303 1403 Non
338 1363 426 1403 tulit
456 1363 590 1402 infelix
609 1395 620 1415 ,
651 1363 870 1415 laqueoque
902 1366 1074 1404 animosa
1105 1364 1238 1416 ligavit

133 1430 197 1463 135
219 1422 414 1462 Guttura.
453 1422 690 1474 pendentem
721 1422 846 1461 Pallas
880 1425 1061 1462 miserata
1093 1423 1254 1475 levavit,

217 1483 343 1532 Atque
364 1483 415 1520 ita
437 1478 535 1520 ‘vive
557 1481 712 1532 quidem
733 1513 743 1533 ‚
774 1481 902 1533 pende
924 1487 1076 1534 tamen,
1102 1482 1277 1533 improba
1291 1479 1318 1535 ‚⁹
1344 1482 1444 1522 dixit

219 1538 391 1591 ‘Lexque
426 1539 560 1579 eadem
591 1552 769 1592 poenae,
802 1552 850 1578 ne
883 1542 936 1579 sis
969 1552 1108 1580 secura
1139 1541 1286 1594 futuri,

219 1599 325 1637 Dicta
360 1605 425 1637 tuo
459 1601 593 1649 generi
626 1601 803 1650 serisque
837 1599 1046 1651 nepotibus
1078 1597 1179 1639 esto'

219 1657 332 1707 [Post
363 1670 407 1696 ea
439 1657 645 1696 discedens
679 1659 783 1696 sucis
816 1657 1048 1697 Hecateidos
1079 1657 1243 1708 herbae]

132 1725 196 1757 140
219 1717 370 1768 Sparsit
402 1722 441 1755 et
472 1716 665 1768 extemplo
699 1718 802 1755 tristi
835 1716 1118 1757 medicamine.
1159 1723 1282 1756 tactae

217 1775 422 1814 Dessuxere
457 1787 588 1814 comae
608 1806 619 1828 ‚
652 1787 742 1814 cum
771 1777 859 1826 quis
892 1782 932 1815 et
967 1777 1073 1816 naris
1105 1782 1146 1815 et
1176 1788 1314 1828 aures,

216 1834 355 1885 Fitque
377 1840 494 1886 caput
512 1835 741 1886 minimum,
763 1839 842 1873 toto
864 1847 1021 1886 quoque
1042 1846 1207 1886 corpore
1221 1846 1338 1886 parva
1359 1840 1442 1887 est3

217 1892 259 1931 ln
292 1893 411 1932 latere
445 1893 564 1932 exiles
597 1893 707 1944 digiti
739 1905 808 1944 pro
841 1893 1242 1946 ertnrib11sfflaerent‚

218 1951 358 1990 Cetera
388 1958 526 1991 venter
557 1951 698 1991 habet:
730 1952 778 1991 de
810 1964 888 2003 quo
922 1958 1050 1991 tamen
1083 1952 1146 1991 illa
1178 1953 1342 1991 remittit

131 2018 195 2050 145
219 2010 378 2049 Stamen
398 2043 409 2062 ‚
442 2016 480 2049 et
512 2012 690 2062 antiquas
723 2016 882 2050 exercet
912 2022 1053 2050 aranea
1085 2010 1204 2050 telas.
1264 2018 1294 2045 1
1313 2019 1444 2045 lxxxix-

277 2068 394 2120 Lydia
428 2074 507 2108 tota
541 2070 701 2122 fremit,
733 2069 859 2120 Phry
841 2070 1002 2121 ‹riaeque
1035 2081 1105 2121 per
1137 2069 1277 2121 oppida
1311 2070 1401 2108 sacti

218 2128 366 2167 Rumor
397 2129 428 2166 it
460 2133 499 2166 et
529 2140 714 2179 magnum
746 2128 995 2168 sermonibus
1027 2134 1194 2180 occupat
1224 2127 1382 2167 orbem.

216 2188 315 2226 Ante
349 2198 441 2225 suos
474 2185 597 2225 Niobe
631 2187 820 2226 thalamos
853 2193 1089 2239 cognoverat
1118 2186 1246 2239 illam,

216 2245 317 2285 Tum
351 2256 440 2284 cum
473 2244 689 2284 Maeoniam
721 2248 829 2297 virgo
864 2245 1118 2299 Sipylumque
1151 2244 1325 2285 colebat:

130 2312 195 2344 150
215 2304 296 2343 Nec
328 2310 458 2343 tamen
491 2303 686 2343 admonita
718 2310 779 2343 est
809 2316 935 2358 poena
965 2304 1166 2358 popularis
1197 2304 1397 2343 Arachnes
