1440 2506
55 105 139 142 VH]

55 215 264 254 venientia.
415 209 500 252 664
537 213 682 250 TALIA
713 217 1004 249 MAERENTES.
1053 210 1238 249 maerenti
1272 209 1391 248 multi

55 275 164 324 libri,
202 274 306 311 inter
337 284 434 322 quos
466 271 516 321 L,
554 271 621 320 qui
652 281 740 308 cum
770 269 880 307 MBE
913 268 1229 307 accusativorum
1258 268 1391 318 plura-

55 345 152 382 lium
182 344 223 381 in
252 345 286 382 is
322 345 384 380 tot
414 341 592 390 exempla
623 340 688 379 vel
718 340 892 389 vestigia
923 339 1116 389 servavit,
1155 340 1201 377 ut
1231 338 1392 378 restitui

56 414 239 463 deinceps
270 413 423 462 pridem
454 411 668 460 potuerint.
714 422 734 449 s
763 410 827 448 hic
859 410 1026 448 abstulit
1055 409 1279 459 proximum
1309 410 1391 448 sub.

54 473 267 512 submoveri
299 471 541 509 sollemniter
573 469 716 507 dicitur
748 481 836 507 cum
866 469 983 507 lictor
1014 468 1126 506 iussu
1157 469 1198 506 et
1222 468 1391 506 auctori-

53 533 137 569 tate
168 530 429 579 magistratus
461 528 758 566 multitudinem
788 528 923 565 itineri
954 527 1181 565 obstantem
1210 525 1392 576 dissipat.

55 601 154 639 quae
193 589 284 638 quia
320 589 361 626 in
397 589 532 636 partes
570 587 748 625 diversas
785 586 973 624 decedere
1015 586 1134 635 solet,
1174 585 1393 624 submovere

54 650 116 686 est
157 647 356 685 interdum
393 646 569 684 dividere.
626 644 879 684 Germaniam
922 646 971 683 ab
1008 645 1132 683 Italia
1173 645 1393 683 submovent

53 706 173 754 Alpes
201 705 306 754 apud
331 704 515 742 Plinium.
566 704 635 742 sed
666 703 780 742 adest
810 703 874 741 hic
904 703 1036 753 turba,
1067 701 1183 752 p'ater
1214 704 1255 741 et
1286 714 1393 741 soro-

54 777 129 814 res,
160 778 196 803 v.
225 765 321 813 643,
353 775 450 813 quas
482 763 694 801 recessisse
726 762 813 811 quis
844 761 1074 811 putaverit?
1122 762 1200 799 iter
1229 761 1393 811 impedi-

52 826 119 861 tur
151 835 174 861 a
205 821 599 861 circumsistentibus.
649 821 716 870 qui
747 820 984 858 auctoritate
1016 820 1120 869 agit,
1153 821 1393 858 animadver-

53 884 113 924 iit,
151 882 228 920 iter
265 881 411 930 aperit,
452 882 514 918 est
543 880 691 929 Argus.
839 879 925 917 Hae
963 880 1056 917 sunt
1092 890 1204 916 meae
1241 879 1284 916 in
1319 879 1395 917 hoc

54 941 155 978 libro
187 939 493 978 emendationes.
543 938 711 976 alioruin
748 949 872 986 aeque
909 937 1045 975 faciles
1078 937 1208 985 recepi
1238 936 1395 975 Heinsii

55 1000 141 1037 560
175 1000 270 1048 677,
301 997 519 1035 Burmanni
550 997 646 1043 435,
679 996 771 1034 Luc.
802 995 987 1034 Muelleri
1019 996 1121 1045 601,
1151 995 1394 1035 incertorum

55 1059 261 1095 auctorum
294 1057 376 1094 313
412 1056 514 1105 5803
551 1055 611 1093 uti
640 1067 728 1104 nec,
766 1055 853 1104 quis
891 1054 1043 1103 primus
1077 1055 1160 1092 343
1195 1055 1280 1092 344
1321 1055 1396 1093 hoc

54 1115 191 1154 ordine
229 1114 397 1164 dederit,
433 1114 543 1152 novi:
583 1114 714 1161 ipsum
745 1125 807 1151 me
837 1113 978 1151 fecisse
1010 1112 1105 1151 olim
1134 1124 1215 1151 non
1244 1114 1395 1152 notavi.

56 1174 272 1222 scripturas
303 1173 476 1221 reliquas
507 1172 684 1210 tenacius
722 1171 841 1220 paulo
873 1173 914 1209 et
950 1171 1106 1220 plenius
1144 1182 1264 1221 quam
1299 1171 1396 1209 olim

55 1232 199 1270 codicis
229 1232 270 1268 M
301 1231 467 1280 reddidi,
498 1230 562 1268 cui
593 1230 806 1268 accedebat
835 1230 877 1266 in
906 1230 981 1268 hoe
1012 1231 1053 1268 et
1083 1230 1264 1278 proximo
1289 1230 1394 1268 libro

55 1290 256 1328 interdum
286 1289 407 1327 codex
436 1288 649 1326 Bernensis
682 1289 764 1326 363
800 1300 899 1325 saec,
931 1296 999 1337 lx,
1037 1287 1133 1326 olim
1162 1288 1397 1327 monasterii

55 1348 317 1386 Floriacensis
350 1347 400 1384 ad
430 1347 626 1396 Ligerim,
664 1346 732 1395 qui
762 1345 944 1384 Servium
973 1346 1018 1383 P.
1049 1345 1246 1397 Danielis,
1283 1349 1396 1397 puto,

59 1407 244 1455 servavit,
276 1405 387 1443 cuius
413 1405 571 1443 collatio
603 1404 846 1454 pei-diligens
878 1404 929 1442 H.
954 1403 1075 1443 Keilii
1106 1405 1213 1454 apud
1242 1417 1306 1443 me
1337 1406 1395 1443 in-

58 1466 178 1502 venta
202 1466 274 1502 est.
323 1464 391 1512 qui
421 1463 491 1501 ubi
521 1465 658 1512 aperte
677 1462 796 1500 fidem
821 1463 1025 1513 fallebant,
1057 1463 1241 1501 descendi
1265 1465 1397 1514 proxi-

58 1535 120 1560 me
152 1521 202 1560 ad
232 1522 282 1571 L,
320 1521 638 1571 antiquissimum
669 1534 716 1560 ex
746 1522 1010 1570 interpolatis.
1058 1522 1093 1560 is
1125 1523 1209 1560 sine
1240 1522 1395 1562 fraudis

60 1580 280 1630 suspicione
311 1592 448 1618 versus
481 1580 633 1629 aliquot
668 1580 710 1618 in
739 1579 780 1617 M
811 1580 978 1618 omissos
1017 1582 1057 1618 et
1089 1581 1307 1630 scripturas
1338 1582 1395 1621 vi-

58 1639 160 1688 ginti
192 1638 477 1688 suppeditavit,
516 1651 683 1688 quarum
720 1638 805 1676 loco
843 1638 1087 1688 glossemata
1116 1639 1158 1677 M
1190 1641 1273 1679 307
1309 1642 1392 1679 622

60 1699 155 1747 710,
187 1709 348 1735 rasuras
377 1698 457 1735 152
493 1698 577 1735 720
608 1697 793 1735 habebat.
851 1696 1092 1736 Erfurtanus
1125 1698 1303 1737 eiusdem
1326 1711 1397 1738 no-

58 1758 134 1804 tae,
168 1755 322 1794 saeculo
347 1767 425 1793 uno
452 1756 658 1805 recentior,
689 1755 891 1793 adhibitus
918 1758 979 1795 est
1004 1757 1102 1794 484.
1150 1757 1397 1807 reliquorum

58 1814 249 1852 librorum
284 1826 448 1863 prorsus
488 1814 780 1863 incognitorum
822 1826 937 1863 opem
977 1815 1200 1865 precariam
1236 1816 1397 1866 defugi:

59 1884 158 1921 quae
185 1873 236 1910 72
261 1873 344 1910 340
366 1873 447 1910 637
475 1873 617 1922 recepi,
635 1873 677 1910 in
700 1873 787 1922 ipso
812 1872 950 1922 limite,
976 1886 1094 1923 quem
1117 1874 1217 1912 mihi
1241 1875 1397 1926 scripsi,

59 1930 190 1979 posita
216 1932 317 1968 sunt.
368 1931 437 1968 sed
461 1932 595 1969 tamen
620 1930 670 1968 ad
695 1932 831 1980 partes
851 1923 1112 1971 vocafflcis
1132 1932 1397 1985 undeviginti,

59 1989 218 2038 quibus,
262 1990 419 2037 praeter
451 1991 552 2039 552,
595 1990 712 2028 unius
749 1990 952 2028 litterulae
991 1990 1217 2030 discrimine
1253 1993 1395 2041 proba·

58 2046 155 2084 bilia
185 2047 402 2097 habebant3
438 2050 646 2096 praeterea
676 2047 870 2086 dederunt
903 2049 988 2087 660
1029 2049 1133 2098 quod
1165 2062 1324 2089 erasum
1353 2051 1396 2089 in

59 2104 110 2154 M,
144 2106 225 2143 678
258 2105 369 2143 cuius
395 2106 608 2155 vestigium
641 2107 816 2146 servavit
845 2107 888 2144 in
912 2118 1024 2151 nova,
1059 2110 1140 2146 747
1163 2108 1211 2147 de
1231 2121 1308 2159 quo
1328 2109 1396 2147 ad-

59 2163 194 2201 notavi
226 2163 275 2200 ad
306 2172 372 2202 VII
396 2165 489 2202 162.

175 2252 281 2294 LIB.
312 2253 355 2294 II
398 2271 434 2296 v.
466 2255 552 2296 244
591 2266 685 2298 cun
716 2268 952 2300 PHEGIACO
985 2268 1288 2300 ERYMANTHO.
1337 2261 1398 2300 ita

60 2313 150 2352 dedi
181 2315 220 2352 in
251 2315 457 2364 proecdosi
494 2318 585 2356 anni
615 2325 816 2357 MDCCCL.
871 2319 1041 2370 Psophis
1071 2321 1208 2360 vetere
1237 2320 1396 2360 nomine
