1527 2580
534 132 602 168 xil
617 161 625 177 ,
651 135 839 169 429-504
851 162 858 168 .
998 146 1150 169 cennens
1286 134 1368 176 251

60 251 127 284 470
149 241 229 282 “Et
255 249 295 282 te
313 275 324 296 ,
357 242 503 295 Caeni,
530 244 651 282 feram
671 240 693 281 ⁴?
724 255 812 282 nam
838 248 881 282 tu
907 242 1002 282 mihi
1027 242 1170 282 femina
1196 255 1371 295 semper,

146 302 206 341 Tu
238 300 333 340 mihi
366 301 503 341 Caenis
536 303 643 340 eris.
682 313 755 340 nec
787 308 824 340 te
857 301 994 340 natalis
1027 303 1135 353 origo

147 359 425 413 commonuit,
456 366 708 411 mentemque
741 359 877 412 subit,
911 372 987 411 quo
1019 362 1191 411 praemia
1224 361 1347 409 sacto,

146 418 309 470 Quaque
340 419 414 458 viri
447 418 581 458 salsam
613 420 784 470 speciem
816 418 998 458 mercede
1029 416 1220 470 pararis?

146 476 214 516 Vel
246 478 339 528 quid
371 483 490 530 nata,
522 477 608 516 vide
627 509 638 530 ,
670 477 729 516 vel
761 477 853 528 quid
887 479 940 516 sis
965 489 1108 529 passa3
1141 476 1370 528 columque,

58 543 126 576 475
147 535 192 588 1,
225 548 320 588 cape
353 548 443 575 cum
475 535 665 588 calathis,
697 542 737 574 et
768 537 932 574 stamina
963 535 1103 587 pollice
1136 542 1300 587 torque:

145 594 251 634 Bella
283 594 462 646 relinque
494 596 588 634 viris
609 591 650 633 .''
682 596 842 634 iactanti
874 594 964 633 talia
997 594 1172 634 Caeneus

144 652 360 692 Extentum
392 665 512 692 cursu
544 654 662 692 missa
693 653 794 692 latus
826 654 931 692 eruit
961 652 1093 705 hasta,

146 711 230 757 Qua
255 712 315 751 vir
346 723 447 763 equo
481 713 715 751 commissus
747 717 859 751 erat.
897 711 995 750 furit
1024 711 1088 750 ille
1121 711 1279 763 dolore,

145 769 334 821 Nudaque
365 769 517 821 Phyllei
548 772 700 810 iuvenis
733 771 824 810 serit
855 781 923 808 ora
954 771 1120 810 sarissa.

57 835 126 869 480
146 827 232 867 Non
257 840 372 868 secus
397 828 494 868 haec
521 829 647 868 resilit
663 861 674 882 ,
700 841 816 880 quam
841 830 936 868 tecti
961 840 982 867 a
1008 828 1177 868 culmine
1204 828 1373 880 grando,

144 887 223 926 Aut
253 888 377 938 siquis
411 899 531 939 parvo
564 888 679 926 feriat
710 899 801 926 cava
833 893 1014 939 tympana
1045 899 1160 926 saxo.

147 944 376 984 Comminus
408 945 664 998 aggreditur,
695 946 887 997 laterique
919 945 1135 985 recondere
1168 945 1267 984 duro

145 1002 335 1043 Luctatur
366 1003 567 1054 gladium:
597 1004 724 1055 gladio
756 1004 841 1043 loca
870 1005 1005 1057 pervia
1035 1016 1115 1043 non
1146 1010 1260 1043 sunt.

148 1058 292 1100 “Haud
325 1067 455 1100 tamen
487 1061 680 1113 effugies!
713 1062 842 1101 medio
873 1061 1113 1113 iugulaberis
1145 1073 1263 1113 ense,

59 1127 126 1160 485
148 1118 475 1170 Quandoquidem
507 1132 644 1159 mucro
678 1127 738 1159 est
768 1117 922 1159 hebes''
953 1122 1110 1173 inquit,
1142 1126 1182 1160 et
1211 1122 1251 1159 in

1105 1179 1208 1218 latus
1241 1190 1373 1218 ensem

147 1236 332 1288 Obliquat
362 1235 556 1288 longaque
589 1236 838 1288 amplectitur
869 1238 932 1276 ilia
965 1237 1125 1290 dextra,

147 1294 281 1346 [Plaga
312 1295 405 1334 facit
435 1297 604 1346 gemitus
634 1297 674 1334 in
708 1307 873 1347 corpore
905 1296 1113 1334 marmoris
1143 1296 1212 1334 icti
1224 1294 1254 1347 ,]

144 1352 362 1404 Fractaque
388 1353 559 1393 dissiluit
588 1365 778 1405 percusso
810 1353 992 1392 lammina
1025 1353 1143 1392 callo.

146 1411 197 1450 Ut
228 1413 324 1451 satis
355 1411 510 1451 illaesos
542 1413 702 1451 miranti
732 1411 916 1463 praebuit
946 1417 1080 1464 arm,

59 1478 128 1511 490
148 1467 293 1509 “Nunc
324 1481 394 1521 age
412 1467 439 1523 ‚'
471 1472 525 1510 ait
556 1470 732 1509 Caeneus
765 1467 917 1509 ‘nostro
949 1475 1016 1509 tua
1048 1481 1212 1521 corpora
1245 1469 1351 1508 ferro

147 1528 403 1580 Temptemus
423 1524 465 1568 !''
498 1529 716 1581 capuloque
748 1534 865 1568 tenus
897 1528 1054 1567 demisit
1084 1529 1125 1567 in
1157 1540 1287 1567 armos

146 1586 293 1626 Ensem
325 1587 555 1641 fatiferum,
587 1599 820 1639 caecamque
853 1589 894 1626 in
925 1588 1077 1626 viscera
1108 1589 1229 1626 movit

146 1645 400 1696 versavitque
432 1657 591 1685 manum
610 1677 621 1698 ‚
652 1645 873 1696 vulnusque
905 1647 946 1684 in
978 1644 1140 1684 vulnere
1171 1646 1287 1684 fecit.

148 1703 254 1743 Ecce
286 1709 410 1743 ruunt
439 1710 548 1743 vasto
580 1703 706 1743 rabidi
738 1703 907 1743 clamore
936 1702 1201 1756 bimembres,

61 1770 129 1802 495
149 1762 321 1813 Telaque
353 1763 393 1801 in
423 1762 529 1801 hunc
561 1774 698 1801 omnes
724 1774 846 1801 unum
872 1763 1113 1813 mittuntque
1139 1762 1372 1813 feruntque.

147 1820 241 1860 Tela
271 1826 406 1860 retusa
438 1820 583 1860 cadunt
601 1852 613 1873 ,
644 1827 775 1860 manet
806 1821 1052 1872 inperfossus
1084 1819 1132 1858 ab
1163 1821 1270 1858 omni

147 1879 270 1931 Inque
302 1885 532 1919 cruentatus
564 1878 741 1918 Caeneus
772 1877 945 1918 Elateius
976 1880 1081 1918 ictu.

147 1937 312 1977 Fecerat
341 1939 527 1977 attonitos
559 1950 657 1977 nova
688 1950 753 1976 res
772 1968 781 1976 .
815 1934 922 1976 “heu
955 1937 1127 1977 dedecus
1157 1939 1297 1989 ingens
1309 1933 1335 1976 !'

147 1996 362 2048 Monychus
394 1996 585 2036 exclamat
616 1994 800 2048 ‘populus
832 2007 1066 2048 superamur
1098 1995 1144 2035 ab
1177 2008 1280 2048 uno,

61 2062 129 2094 500
148 2053 297 2106 Vixque
329 2056 442 2095 viro.
482 2066 718 2106 quamquam
749 2054 813 2093 ille
845 2055 904 2093 vir
936 2060 1025 2107 est,
1057 2065 1129 2093 nos
1161 2054 1346 2105 segnibus

1280 2114 1375 2152 actis

149 2171 263 2218 Quod
282 2172 356 2211 fuit
376 2171 440 2210 ille
454 2203 466 2224 ‚
492 2184 651 2211 sumus.
678 2172 772 2223 quid
792 2171 968 2211 membra
986 2172 1156 2211 inmania
1175 2168 1376 2223 prosunt?

150 2229 253 2276 Quid
285 2231 463 2282 geminae
496 2232 600 2270 vires
618 2262 629 2283 ‚
660 2236 701 2269 et
733 2230 837 2281 quod
869 2231 1081 2269 fortissima
1112 2241 1248 2269 rerum

149 2288 194 2327 In
225 2288 338 2328 nobis
370 2288 513 2340 duplex
545 2295 685 2328 natura
717 2287 895 2328 animalia
924 2285 1086 2328 iunxit?

149 2345 231 2386 Nec
262 2358 335 2386 nos
365 2352 490 2386 matre
522 2346 594 2386 dea
610 2379 624 2402 ,
654 2357 728 2386 nec
759 2358 832 2386 nos
863 2346 995 2386 Ixione
1028 2352 1140 2387 natos
