1527 2580
561 115 652 161 VH,
678 121 886 153 413-485.
961 131 1086 154 uiuos.
1114 132 1244 156 Aucus
1316 123 1394 164 139

86 232 154 265 450
175 224 332 265 Publica
365 227 630 279 suscipimus,
661 226 796 267 bacchi
828 226 899 267 tibi
930 230 1122 268 sumimus
1153 227 1348 270 haustus!

175 282 372 324 Consonat
401 296 564 324 assensu
596 286 731 337 populi
763 286 1025 338 precibusque
1058 288 1253 328 faventum

173 341 324 395 Regia3
355 355 429 382 nec
460 349 541 382 tota
572 345 697 382 tristis
729 344 838 384 locus
871 345 973 384 ullus
1005 347 1044 385 in
1077 346 1175 385 urbe
1209 353 1290 386 est.

233 401 313 441 Nec
333 407 462 440 tamen
484 423 537 430 —
560 414 684 453 usque
705 402 800 441 adeo
821 403 925 442 nulla
945 410 1005 443 est
1025 406 1176 444 sincera
1197 405 1395 458 voluptas,

175 459 473 512 Sollicitumque
505 460 650 512 aliquid
676 460 787 500 laetis
819 464 1030 501 intervenit
1062 483 1117 491 —
1149 464 1302 515 Aegeus

88 526 154 558 455
176 518 323 558 Gaudia
354 520 533 570 percepit
563 525 653 558 nato
685 531 824 558 secura
857 527 1039 572 recepto.

173 577 278 617 Bella
297 584 408 629 parat
433 577 558 616 Minos
579 609 587 617 .
632 579 698 629 qui
725 590 960 630 quamquam
986 579 1107 619 milite
1126 612 1137 633 ‚
1164 593 1395 633 quamquam

175 635 307 675 Classe
338 635 468 686 valet,
499 638 625 688 patria
657 643 786 676 tamen
819 643 879 677 est
910 638 1157 678 firmissimus
1189 641 1245 678 ira

173 694 451 746 Androgeique
482 707 620 734 necem
652 697 766 735 iustis
798 695 1002 736 ulciscitur
1034 699 1173 736 armis.

174 753 274 793 Ante
306 759 436 792 tamen
469 752 570 793 bello
604 755 707 793 vires
738 756 907 805 acquirit
937 757 1102 808 amicas,

85 819 154 852 460
180 811 343 864 Quaque
375 818 516 863 potens
543 811 699 852 habitus
718 845 729 864 ,
760 813 910 852 volucri
936 814 1034 853 freta
1055 814 1177 853 classe
1197 822 1396 866 pererrat.

174 870 274 910 Hinc
305 870 492 922 Anaphen
525 870 600 910 sibi
631 872 758 922 iungit
789 879 828 911 et
847 872 1065 923 Astypaleia
1097 885 1239 925 regna,

174 928 384 968 Promissis
415 929 602 981 Anaphen
621 960 633 982 ‚
664 942 783 981 regna
814 931 1032 982 Astypaleia
1063 931 1188 983 bello;

175 986 275 1026 Hinc
306 987 493 1026 humilem
525 987 733 1039 Myconum
767 994 998 1040 cretosaque
1031 1001 1123 1028 rura
1156 988 1293 1028 Cimoli

173 1045 478 1097 Florentemque
499 1046 626 1098 Syron
645 1079 656 1098 ‚
683 1046 902 1100 Cythnum,
928 1047 1161 1099 planamque
1183 1047 1375 1099 Seriphon
1389 1081 1399 1101 ,

88 1112 155 1144 465
175 1104 514 1156 Marmoreamque
539 1104 668 1144 Paron
687 1137 698 1157 ,
731 1117 925 1157 quamque
957 1107 1073 1158 impia
1105 1106 1278 1158 prodidit
1297 1108 1399 1146 Arne

177 1162 353 1215 Siphnon
385 1169 425 1202 et
456 1169 616 1214 accepto
635 1195 646 1216 ‚
678 1164 782 1215 quod
816 1176 928 1203 avara
958 1170 1221 1217 poposcerat,
1252 1177 1347 1204 auro

176 1221 324 1261 Mutata
357 1227 418 1261 est
448 1222 488 1261 in
509 1233 646 1274 avem,
680 1233 778 1273 quae
799 1234 904 1261 nunc
937 1234 1093 1274 quoque
1126 1222 1252 1274 diligit
1281 1231 1399 1258 r.oxx.

1238 1293 1398 1333 aurum,

173 1338 291 1391 Nigra
322 1338 443 1391 pedes
462 1371 473 1391 ‚
504 1340 627 1390 nigris
658 1339 781 1378 velata
812 1339 1020 1378 monedula
1051 1340 1214 1391 pennis.

174 1398 223 1436 At
253 1409 332 1437 non
366 1397 517 1437 Oliaros
550 1397 814 1449 Didymaeque
847 1404 886 1437 et
916 1397 1046 1437 Tenos
1078 1404 1118 1437 et
1147 1397 1301 1437 Andros

86 1464 155 1496 470
174 1455 224 1495 Et
256 1455 402 1508 Gyaros
434 1456 658 1508 nitidaeque
691 1457 798 1496 ferax
830 1455 1070 1507 Peparethos
1103 1455 1223 1495 olivae

174 1514 385 1554 Gnosiacas
417 1516 551 1554 iuvere
583 1520 688 1554 rates
708 1546 717 1554 .
754 1514 875 1554 latere
906 1514 998 1554 inde
1029 1516 1190 1554 sinistro

173 1572 388 1625 Oenopiam
419 1572 546 1612 Minos
577 1575 704 1626 petit,
735 1573 937 1613 Aeacideia
969 1585 1111 1625 regna.

174 1631 389 1684 Oenopiam
421 1637 575 1671 veteres
607 1632 878 1684 appellavere.
918 1631 985 1671 sed
1017 1634 1102 1683 ipse

173 1691 324 1730 Aeacus
355 1690 543 1741 Aeginam
574 1692 786 1741 genetricis
812 1691 969 1729 nomine
1001 1689 1117 1729 dixit.

85 1756 154 1788 475
174 1748 307 1788 Turba
338 1750 419 1788 ruit
450 1754 659 1800 tantaeque
693 1750 820 1788 virum
853 1760 1092 1799 cognoscere
1123 1749 1247 1787 famae

174 1807 361 1859 Expetit.
399 1813 615 1846 occurrunt
645 1806 700 1846 illi
732 1806 1026 1858 Telamonque,
1059 1807 1263 1857 minorque

175 1865 301 1912 Quam
331 1865 519 1905 Telamon
550 1865 692 1905 Peleus
710 1896 721 1918 ,
754 1873 794 1904 et
824 1864 954 1916 proles
987 1866 1101 1904 tertia
1132 1864 1310 1903 Phocus.

173 1923 261 1976 lpse
293 1936 451 1976 quoque
484 1924 687 1976 egreditur
718 1923 854 1962 tardus
886 1925 1072 1975 gravitate
1105 1923 1218 1961 senili

176 1984 324 2022 Aeacus
343 2014 355 2035 ,
387 1988 427 2022 et
458 1994 558 2035 quae
589 1984 641 2022 sit
671 1982 853 2022 veniendi
885 1993 1000 2021 causa
1019 2013 1030 2034 ‚
1063 1982 1250 2031 requirit.

87 2049 155 2080 480
175 2040 406 2080 Admonitus
438 2042 554 2093 patrii
580 2041 710 2080 luctus
742 2042 942 2092 suspirat,
974 2045 1015 2079 et
1044 2039 1099 2079 illi

174 2099 283 2138 Dicta
316 2100 440 2138 refert
469 2105 601 2138 rector
631 2099 866 2151 populorum
899 2098 988 2137 talia
1021 2103 1203 2137 centum:

175 2155 307 2197 ‘Arma
339 2159 449 2197 iuves
481 2169 552 2197 oro
577 2170 649 2209 pro
681 2164 797 2208 gnato
829 2162 982 2208 sumpta
1001 2187 1013 2209 ‚
1043 2157 1207 2207 piaeque

177 2215 276 2256 Pars
307 2217 360 2255 sis
393 2216 584 2255 militiae:
617 2216 767 2255 tumulo
799 2215 940 2254 solacia
971 2211 1130 2267 poseo.'

178 2273 281 2314 Huic
312 2274 525 2326 Asopiades
559 2271 674 2326 ‘petis
706 2270 835 2313 irrita'
860 2273 958 2312 dixit
989 2270 1044 2312 ‘et
1076 2271 1164 2312 urbi

86 2340 154 2372 485
174 2332 258 2372 Non
291 2333 466 2372 facienda
499 2344 637 2385 meae;
669 2344 795 2384 neque
830 2333 935 2372 enim
966 2332 1215 2371 coniunctior
1246 2328 1321 2369 ulla
