1527 2580
571 109 635 144 Vll
651 137 659 152 ,
689 113 873 145 339-412
889 137 896 145 .
1031 123 1181 145 Tui-,suus
1324 109 1401 152 137

182 217 358 258 Praemia
390 220 567 269 poscenti
600 224 754 257 taurum
787 231 968 271 suprema
1002 219 1186 270 negabat.

186 275 251 315 [lle
284 276 506 327 indignatus
539 274 689 328 ‘cupies
722 274 829 316 dare’
862 277 987 330 dixit,
1019 283 1058 316 et
1089 277 1164 316 alto

185 333 350 374 Desiluit
381 347 501 374 saxo.
541 337 673 374 cuncti
705 335 892 375 cecidisse
925 335 1136 387 putabant:

185 392 325 433 Factus
357 392 440 432 olor
473 394 595 432 niveis
621 393 817 445 pendebat
848 396 886 433 in
918 398 1006 433 aere
1033 395 1194 446 pennis.
1282 402 1309 427 ι.
1330 401 1403 426 evn-

97 458 163 491 380
184 452 233 490 ΑΙ,
262 453 440 503 genetrix
471 451 589 503 Hyrie
607 483 618 504 ,
650 453 797 491 servari
829 454 957 491 nescia
976 484 987 504 ,
1020 452 1146 491 flendo
1267 459 1297 485 t.
1318 459 1402 486 eviii·

186 509 372 562 Dilicuit‚
404 516 663 561 stagnumque
696 522 767 549 suo
800 511 846 549 de
880 512 1034 550 nomine
1068 511 1181 549 fecit.

185 568 344 608 Adiacet
374 567 434 607 his
465 568 636 608 Pleuron
655 599 667 621 ,
697 570 737 608 in
771 582 844 620 qua
878 568 1163 620 trepidantibus
1196 567 1266 607 alis

185 626 330 678 Ophias
362 627 498 678 effugit
528 633 710 666 natorum
742 627 901 666 vulnera
935 627 1101 666 Combe.
1292 634 1320 660 t.
1341 634 1402 661 cix·

187 684 279 724 lude
313 684 523 724 Calaureae
556 685 737 724 Letoidos
770 687 908 737 aspicit
939 698 1051 737 arva,

98 750 163 782 385
185 743 226 782 ln
260 743 458 783 volucrem
491 746 592 783 versi
623 756 713 784 eum
740 746 904 795 coniuge
937 745 1090 783 conscia
1124 744 1248 793 regis.
1304 750 1333 775 1-
1353 758 1406 777 mx.

187 801 351 841 Dextera
384 801 540 853 Cyllene
573 809 661 855 est,
693 804 732 842 in
771 815 844 854 qua
884 814 973 842 cum
1012 807 1133 841 matre
1167 799 1404 851 Menephron

186 860 477 900 Concubiturus
510 867 593 900 erat
625 873 826 900 saevarum
859 873 965 900 more
999 863 1191 899 serarum.
1295 867 1321 892 ι.
1343 866 1407 891 cxi-

185 918 381 970 Cephison
413 919 550 971 procul
581 919 673 958 hinc
705 919 914 958 dessentem
947 920 1022 957 sata
1055 918 1208 969 nepotis

186 977 360 1029 Respicit
384 979 423 1016 in
452 977 637 1016 tumidam
665 977 816 1029 phocen
842 977 888 1016 ab
915 977 1090 1028 Apolline
1118 976 1242 1015 versi:
1281 983 1309 1008 1-
1332 982 1408 1008 oxii-

98 1043 165 1074 390
186 1035 416 1087 Eumelique
449 1036 607 1075 domum
640 1036 807 1087 lugentis
840 1038 878 1074 in
912 1039 1000 1074 aere
1034 1040 1188 1074 natum.
1269 1042 1298 1067 ¹·
1318 1040 1408 1066 oxffl-

186 1093 360 1133 Tandem
391 1095 559 1146 vipereis
591 1094 773 1146 Ephyren
807 1094 988 1133 Pirenida
1022 1094 1159 1145 pennis

187 1152 388 1204 Contigit.
428 1152 491 1192 hic
523 1165 615 1192 aevo
649 1159 801 1192 veteres
835 1152 1009 1191 morta-lia
1042 1153 1166 1203 primo

188 1210 360 1262 Corpora
391 1211 599 1262 vulgarunt
629 1210 861 1262 pluvialibus
893 1210 996 1250 edita
1029 1210 1181 1261 fungis.
1271 1216 1301 1242 ί.
1323 1216 1409 1242 exiv-

188 1269 263 1308 Sed
297 1275 503 1321 postquam
536 1269 689 1308 Colchis
722 1272 817 1308 arsit
848 1281 944 1308 nova
978 1274 1096 1319 nupta
1129 1267 1313 1318 venenis,

100 1333 167 1366 395
188 1327 512 1379 Flagranteinque
544 1327 702 1367 domum
733 1329 837 1379 regis
869 1339 975 1366 mare
1008 1326 1102 1365 vidit
1133 1331 1369 1376 utrumque,

190 1386 386 1437 Sanguine
418 1392 598 1426 natorum
631 1387 881 1438 perfunditur
913 1387 1056 1437 impius
1088 1385 1218 1435 ensis,

188 1444 354 1496 Ultaque
386 1457 427 1484 se
460 1445 558 1484 male
592 1451 715 1483 mater
748 1444 894 1484 Iasonis
926 1445 1063 1494 effugit
1093 1453 1223 1481 arma.

190 1502 288 1542 Hinc
320 1502 531 1543 Titaniacis
563 1503 688 1542 ablata
721 1502 955 1542 draconibus
988 1503 1108 1541 intrat

189 1561 377 1601 Palladias
403 1574 542 1601 arces:
568 1574 666 1614 quae
700 1567 737 1601 te
756 1593 768 1614 ,
799 1562 1012 1601 iustissima
1037 1559 1193 1611 Phene,
1289 1566 1317 1592 t.
1338 1573 1410 1591 cxv-

102 1627 169 1659 400
188 1620 348 1673 Teque,
373 1632 492 1660 senex
512 1620 703 1673 Peripha,
728 1622 875 1671 pariter
894 1620 1025 1658 videre
1045 1617 1242 1668 volantes,
1280 1624 1307 1649 1-
1327 1624 1412 1651 cxvi.

191 1678 442 1730 innixamque
475 1681 584 1718 novis
616 1685 773 1730 neptem
804 1678 1076 1730 Polypemonis
1108 1675 1200 1714 alis.
1263 1682 1292 1708 t·
1312 1682 1411 1708 cxvii-

191 1736 345 1789 Excipit
375 1737 474 1776 hanc
499 1737 652 1788 Aegeus
679 1759 733 1765 —
763 1738 861 1776 tacto
894 1735 1135 1774 damnandus
1167 1735 1207 1771 in
1233 1744 1336 1784 unc,
1357 1753 1410 1759 -—

190 1795 271 1834 Nec
291 1797 384 1835 satis
403 1795 616 1847 hospitium
635 1801 718 1835 est:
738 1795 893 1834 thalami
913 1806 1069 1845 quoque
1090 1791 1246 1831 foedere
1268 1791 1411 1841 iungit.

191 1853 348 1905 lamque
381 1854 515 1894 aderat
545 1854 751 1906 Theseus,
783 1853 913 1905 proles
945 1854 1077 1903 ignara
1109 1850 1288 1902 parenti,

103 1920 170 1952 405
192 1912 268 1958 Qui
300 1914 444 1952 virtute
475 1925 545 1952 sua
576 1912 765 1952 bimarem
797 1917 1000 1963 pacaverat
1031 1909 1228 1948 Isthmon.

191 1970 316 2010 Huius
347 1972 388 2010 in
420 1972 583 2010 exitium
615 1973 752 2010 miscet
783 1970 915 2009 Medea
948 1968 1052 2020 quod
1084 1967 1175 2006 olim

199 2029 384 2069 Attulerat
415 2041 550 2069 secum
577 2029 770 2081 Scythicis
802 2029 983 2068 aconiton
1015 2026 1062 2066 ab
1095 2027 1198 2065 oris.

194 2086 290 2127 sslud
322 2087 542 2127 Echidneae
575 2092 793 2127 memorant
824 2099 844 2126 e
876 2085 1060 2125 dentibus
1091 2089 1222 2123 ortum

194 2145 289 2185 Esse
322 2148 457 2185 canis.
497 2158 638 2198 specus
671 2151 732 2185 est
763 2144 971 2185 tenebroso
1005 2155 1144 2183 caecus
1176 2142 1284 2180 hiatu

111 2212 172 2245 no
192 2203 242 2244 Et
271 2205 331 2244 via
363 2204 551 2258 declivis,
582 2216 654 2256 per
686 2216 802 2255 quam
833 2202 1062 2254 Tirynthius
1093 2201 1210 2241 heros

192 2263 420 2302 Restantem
452 2269 667 2314 contraque
699 2262 804 2302 diem
835 2262 1042 2313 radiosque
1074 2262 1262 2300 micantes

193 2320 469 2374 obliquantem
501 2322 635 2361 oculos
668 2323 777 2361 nexis
811 2320 1011 2361 adamante
1043 2319 1191 2360 catenis
