1554 2506
159 0 215 35 68
348 5 413 27 Ρη
422 19 429 27 .
455 3 579 26 ‘ramma
711 0 924 24 mnramm
941 14 948 23 .

277 101 334 140 Ex
367 113 490 152 aequo
523 101 645 151 captis
677 98 868 138 ardebant
898 97 1096 137 mentibus
1128 97 1264 138 ambo.

278 160 468 199 Conscius
499 159 625 197 omnis
657 156 798 209 abest,
829 161 928 196 nutu
959 157 1160 208 signisque
1190 156 1430 209 loquuntur,

279 218 443 269 Quoque
474 218 596 267 magis
626 216 802 267 tegitur,
832 220 961 254 tectus
992 216 1115 266 magis
1140 219 1292 254 aestuat
1320 216 1444 266 ignis.

215 284 259 316 65
279 276 414 315 Fissus
446 280 531 314 erat
560 275 671 313 tenui
702 274 799 312 rima
817 305 829 326 ‚
861 285 976 324 quam
1008 273 1173 312 duxerat
1203 273 1295 312 olim

279 334 377 373 Cum
407 334 548 385 fieret,
578 333 707 383 paries
740 331 873 370 domui
904 332 1123 371 communis
1153 333 1335 383 utrique.

279 393 320 432 Id
351 394 488 431 vitium
520 390 616 429 nulli
646 402 716 442 per
749 389 902 430 saecula
933 390 1047 440 longa
1078 395 1255 429 notatum
1287 411 1342 417 —

279 449 380 497 Quid
412 462 490 488 non
523 450 643 488 sentit
668 460 776 487 amor
795 446 817 487 ⁴?
849 470 903 476 ——
935 449 1053 500 primi
1086 447 1236 487 vidistis
1267 454 1466 501 amantes,

278 509 327 548 Et
356 509 462 547 vocis
493 507 642 547 fecistis
673 508 773 559 iter;
805 512 991 558 tutaeque
1021 518 1094 558 per
1124 506 1221 546 illud

215 575 259 607 ‘10
278 547 720 606 Murmuressanditiae
752 566 912 605 minimo
945 566 1114 604 transire
1145 564 1346 605 solebant.

280 625 402 677 Saepe
420 656 432 678 ,
463 623 532 663 uhi
550 625 809 663 constiterant
826 655 837 676 ,
863 623 955 663 hinc
974 622 1141 676 Thisbe,
1163 623 1353 675 Pyramus
1372 623 1500 675 illinc,

277 683 399 735 Inque
431 684 536 722 vices
567 683 695 722 suerat
725 687 903 734 captatus
934 681 1129 721 anhelitus
1160 683 1265 735 oris,

279 738 458 780 “Invide'
490 740 673 781 dicebant
703 737 849 792 ‘paries
865 771 877 793 ,
909 740 1002 792 quid
1034 739 1254 780 amantibus
1285 737 1453 779 obstas?

279 800 477 846 Quantum
508 805 621 852 erat,
653 804 697 838 ut
728 801 880 838 sineres
910 803 993 838 toto
1025 810 1097 838 nos
1129 810 1295 850 corpore
1326 799 1458 850 iungi,

215 867 257 898 '15
279 859 355 897 Ant
385 858 460 897 hoc
491 860 524 897 si
555 858 749 910 nimium,
780 857 840 896 vel
866 857 913 896 ad
939 856 1072 897 oscula
1104 856 1230 896 danda
1260 857 1440 909 pateres!

277 916 358 956 Nec
389 928 526 956 sumus
557 917 729 967 ingrati:
759 915 832 955 tibi
862 927 935 954 nos
966 915 1110 955 debere
1142 916 1335 968 fatemur,

279 975 391 1021 Quod
423 974 536 1014 datus
567 980 629 1014 est
658 973 787 1013 verbis
819 973 865 1013 ad
897 975 1040 1013 amicas
1071 975 1261 1013 transitus
1288 985 1402 1013 aures
1418 970 1458 1012 .''

277 1033 382 1072 Talia
415 1033 567 1072 diversa
597 1034 835 1083 nequiquam
867 1032 958 1071 sede
986 1033 1106 1072 locuti

278 1091 359 1131 Sub
391 1096 547 1130 noctem
579 1090 712 1129 dixere
744 1090 828 1129 vale
845 1122 857 1143 ‚
888 1092 1068 1142 partique
1102 1090 1246 1130 dedere

212 1159 258 1190 80
278 1149 421 1189 Oscula
446 1150 613 1200 quisque
645 1160 739 1188 suae
770 1160 849 1188 non
879 1150 1148 1201 pervenientia
1179 1155 1338 1188 contra.

276 1209 439 1248 Postera
470 1213 685 1246 nocturnos
715 1219 857 1246 aurora
882 1213 1102 1247 removerat
1130 1208 1265 1260 ignes,

280 1267 424 1318 Solque
455 1268 662 1318 pruinosas
692 1265 811 1305 radiis
844 1267 1057 1305 siccaverat
1087 1265 1253 1306 herbas:

278 1325 334 1365 Ad
366 1325 524 1364 solitum
556 1325 686 1363 coiere
716 1323 875 1364 locum.
914 1330 998 1364 tum
1029 1336 1232 1364 murmure
1263 1337 1382 1376 parvo

278 1384 397 1423 Multa
428 1385 538 1435 prius
571 1384 700 1434 questi
718 1414 729 1436 ,
761 1388 967 1436 statuunt,
998 1389 1043 1422 ut
1074 1388 1189 1422 nocte
1221 1382 1352 1422 silenti

215 1451 258 1482 85
279 1442 428 1482 Fallere
460 1441 644 1481 custodes
676 1441 905 1493 foribusque
938 1441 1128 1481 excedere
1161 1447 1376 1494 temptent,

279 1500 456 1552 Cumque
474 1499 590 1539 domo
610 1501 801 1553 exierint,
826 1499 937 1539 urbis
957 1512 1113 1552 quoque
1133 1505 1236 1540 tecta
1255 1499 1500 1553 relinquant3

278 1559 382 1599 Neve
414 1560 465 1598 sit
496 1559 707 1598 errandum
738 1557 815 1597 lato
847 1558 1105 1610 spatiantibus
1137 1570 1253 1612 arvo,

279 1617 519 1658 Conveniam
550 1616 597 1656 ad
628 1616 743 1656 busta
774 1616 865 1656 Nini
882 1649 893 1670 ‚
925 1617 1148 1669 lateantque
1180 1617 1253 1657 sub
1287 1616 1423 1656 umbra

279 1676 469 1715 Arboris.
507 1674 623 1714 arbor
653 1675 708 1715 ibi
739 1676 862 1714 niveis
893 1675 1092 1715 uberrima
1122 1677 1249 1727 pomis

216 1743 261 1774 90
279 1735 409 1774 Ardua
441 1746 575 1774 morus
607 1739 719 1786 erat,
750 1733 877 1785 gelido
911 1735 1154 1774 contermina
1185 1735 1308 1774 sonti.

280 1793 397 1832 Pacta
428 1793 610 1845 placent,
643 1798 682 1832 et
711 1792 778 1832 lux
809 1792 920 1832 tarde
951 1792 1156 1832 discedere
1186 1795 1267 1832 visa
1300 1798 1381 1832 est.

283 1851 585 1902 [Praecipitatur
616 1853 728 1903 aquis
747 1883 757 1903 ,
789 1857 828 1890 et
858 1852 970 1903 aquis
1001 1852 1183 1894 nox-exit
1213 1851 1260 1890 ab
1292 1851 1417 1890 isdem
1432 1850 1458 1902 .]

282 1909 424 1949 Callida
455 1921 526 1960 per
556 1909 740 1949 tenebras
766 1916 918 1949 versato
945 1910 1102 1949 cardine
1133 1909 1278 1949 Thisbe

281 1967 491 2019 Egreditur
523 1968 697 2019 fallitque
729 1980 822 2008 suos
839 2000 851 2022 ‚
882 1968 1146 2020 adopertaque
1175 1968 1326 2008 vultum

218 2034 263 2066 95
282 2026 466 2065 Pervenit
496 2026 542 2065 ad
574 2027 799 2080 tumulum,
829 2027 1012 2079 dictaque
1042 2027 1116 2067 sub
1148 2025 1288 2066 arbore
1320 2027 1441 2066 sedit.

283 2084 478 2123 Audacem
509 2084 674 2124 faciebat
705 2097 841 2126 amor.
879 2087 985 2125 venit
1015 2098 1107 2125 ecce
1138 2087 1290 2125 recenti

284 2142 408 2182 Caede
440 2142 573 2181 leaena
604 2143 723 2182 houm
755 2151 981 2196 spumantes
1013 2144 1130 2183 oblita
1162 2145 1307 2195 rictus,

285 2201 515 2253 Depositura
547 2202 652 2240 sitim
683 2203 799 2241 vicini
831 2204 949 2242 fontis
980 2204 1021 2242 in
1052 2202 1176 2242 unda.
