1554 2506
64 80 118 122 86
292 92 438 116 rsussus
615 78 829 115 METAMM
840 105 848 114 .

182 190 348 230 Vulnere
381 191 483 230 laesa
513 191 619 241 gravi
651 189 764 229 modo
797 201 838 228 se
871 189 1048 230 sublimis
1080 192 1120 230 in
1153 202 1265 230 auras

181 249 329 289 Attollit
346 281 357 302 ‚
388 248 501 288 modo
535 247 666 287 subdit
696 249 837 301 aquis,
867 249 981 288 modo
1013 260 1122 288 more
1154 249 1297 289 ferocis

182 307 318 347 Versat
349 309 461 359 apri,
493 319 609 358 quem
641 305 755 346 turba
793 318 931 347 canum
972 309 1218 347 circumsona
1249 313 1397 347 terret.

180 366 245 405 Ille
278 366 408 405 avidos
440 377 595 404 morsus
627 364 825 405 velocibus
858 367 994 417 effugit
1025 365 1118 406 alis:

93 432 158 463 725
181 425 289 476 Quaq
321 437 340 463 e
361 429 495 475 patent
512 454 524 476 ‚
549 435 654 463 nunc
680 428 789 475 terga
810 425 912 463 cavis
932 436 1052 476 super
1072 423 1197 464 obsita
1217 423 1399 477 conchis,

179 483 268 522 Nun
324 482 491 522 laterum
524 487 681 535 costas,
713 494 818 522 nunc
852 494 928 534 qua
959 484 1188 524 tenuissima
1220 483 1341 523 cauda

180 541 331 580 Desinit
360 542 400 580 in
432 542 609 594 piscem,
642 540 779 581 falcato
812 541 993 581 verberat
1024 553 1141 581 ense.

179 599 296 639 Belua
326 600 494 651 puniceo
527 601 669 639 mixtos
701 612 790 639 cum
822 601 1010 652 sanguine
1041 600 1185 641 fluctus

179 657 255 697 Ore
289 659 435 697 vomit.
473 658 658 698 maduere
690 671 826 710 graves
858 660 1062 711 aspergine
1093 671 1269 712 pennae;

94 725 160 756 ‘130
180 716 259 755 Nec
292 716 435 756 bibulis
468 716 570 756 ultra
601 717 771 756 Perseus
803 716 990 756 talaribus
1022 729 1141 757 ausus

179 775 347 814 Credere
366 808 377 828 ,
411 777 614 828 conspexit
645 775 878 829 scopulum,
911 777 978 827 qui
1009 777 1155 815 vertice
1188 787 1339 816 summo

179 833 379 873 stantibus
412 840 518 874 extat
548 835 688 887 aquis,
720 836 898 886 operitur
929 833 975 873 ab
1009 845 1178 886 aequore
1211 840 1340 874 moto.

175 892 297 932 Nixus
331 905 375 931 eo
408 895 597 945 rupisque
628 898 767 933 tenens
797 895 888 944 iuga
917 894 1043 945 prima
1074 894 1233 932 sinistra

176 950 254 990 Ter
286 957 425 1002 quater
456 953 585 1003 exegit
614 953 781 1003 repetita
811 963 883 1004 per
914 952 978 991 ilia
1009 952 1181 991 ferrum.

90 1017 156 1049 735
177 1009 309 1049 Litora
341 1022 430 1049 cum
461 1010 600 1062 plausu
632 1010 777 1049 clamor
803 1021 1045 1062 superasque
1077 1009 1241 1049 deorum

177 1068 390 1120 implevere
424 1068 560 1108 domos
580 1099 589 1108 .
629 1068 822 1120 gaudent,
853 1080 1122 1120 generumque
1155 1067 1346 1121 salutant,

176 1127 450 1178 Auxiliumque
483 1127 621 1166 domus
654 1132 973 1177 servatoremque
1005 1127 1180 1166 fatentur

177 1184 360 1237 Cassiope
393 1184 652 1237 Cepheusque
683 1190 823 1237 pater.
861 1184 1034 1225 resoluta
1067 1186 1215 1224 catenis

175 1243 326 1283 Incedit
355 1245 463 1295 virgo
482 1276 494 1297 ‚
525 1245 775 1296 pretiumque
808 1250 847 1283 et
878 1255 994 1283 causa
1025 1242 1192 1283 laboris.

89 1310 156 1342 ’240
176 1302 263 1354 Ipse
290 1314 429 1341 manus
460 1302 599 1341 hausta
630 1304 811 1342 victrices
843 1301 965 1341 abluit
996 1301 1123 1342 unda:

175 1361 510 1412 Anguiferumque
543 1367 660 1413 caput
691 1361 788 1400 dura
819 1372 868 1401 ne
899 1360 1026 1400 laedat
1055 1360 1224 1414 harena,

176 1419 298 1459 Mollit
328 1419 492 1459 humum
525 1419 627 1458 foliis
646 1452 656 1471 ‚
683 1425 871 1470 natasque
904 1419 977 1459 sub
1009 1431 1180 1470 aequore
1211 1420 1339 1471 virgas

177 1478 354 1531 Sternit,
387 1484 427 1518 et
457 1480 611 1530 inponit
640 1477 907 1529 Phorcynidos
940 1489 1008 1517 ora
1038 1477 1244 1517 Medusae.

176 1536 291 1588 Virga
321 1549 461 1576 recens
491 1536 700 1588 bibulaque
733 1538 945 1576 etiamnum
976 1538 1060 1576 viva
1091 1536 1261 1576 medulla
1303 1544 1331 1571 ἱ.
1350 1544 1399 1571 lii

89 1604 156 1635 745
177 1595 260 1634 Vim
292 1597 423 1647 rapuit
454 1597 649 1648 monstri,
680 1601 864 1647 tactuque
895 1595 1074 1634 induruit
1104 1595 1245 1648 huius,

176 1655 437 1705 Percepitque
468 1666 612 1693 novum
644 1655 761 1693 ramis
794 1660 832 1694 et
863 1653 1002 1693 fronde
1033 1655 1227 1705 rigorem.

177 1716 225 1752 At
255 1713 381 1764 pelagi
411 1712 603 1764 nymphae
636 1713 781 1752 sactum
813 1711 989 1752 mirabile
1021 1717 1213 1764 temptant

176 1771 361 1811 Pluribus
392 1773 433 1811 in
464 1773 583 1822 virgis
601 1803 612 1824 ‚
644 1778 684 1810 et
714 1771 818 1810 idem
851 1772 1079 1822 contingere
1111 1771 1304 1823 gaudent,

179 1830 412 1882 Seminaque
445 1842 492 1870 ex
522 1829 599 1869 illis
629 1831 773 1869 iterant
803 1831 942 1869 iactata
971 1841 1045 1881 per
1075 1829 1222 1869 undas.

91 1898 157 1929 750
177 1888 290 1928 Nunc
321 1901 478 1940 quoque
511 1888 667 1928 curaliis
699 1888 834 1928 eadem
865 1894 1003 1927 natura
1022 1889 1244 1953 remansit,

179 1947 369 1987 Duritiam
401 1954 504 1986 tacto
537 1948 691 1999 capiant
723 1953 766 1987 ut
797 1946 843 1985 ab
877 1950 966 1986 aere
983 1978 995 2000 ‚
1029 1953 1210 1997 quodque

181 2005 315 2044 Vimen
346 2008 387 2045 in
418 2017 588 2057 aequore
621 2011 733 2058 erat,
764 2006 830 2045 fiat
860 2017 980 2057 super
1011 2016 1181 2056 aequora
1212 2017 1370 2044 saxum.

238 2064 304 2102 Dis
338 2063 464 2103 tribus
495 2064 558 2103 ille
591 2064 700 2103 focos
732 2064 895 2103 totidem
927 2064 974 2103 de
1007 2065 1178 2115 caespite
1207 2065 1341 2115 ponit,

179 2122 349 2162 Laevum
380 2122 575 2162 Mercurio
593 2155 605 2175 ,
637 2123 818 2162 dextrum
849 2122 920 2162 tibi
938 2153 949 2175 ‚
981 2121 1120 2161 bellica
1151 2123 1283 2174 virgo;

93 2190 160 2220 755
180 2182 257 2220 Ara
287 2180 388 2219 Iovis
421 2181 547 2220 media
579 2187 667 2221 est.
705 2187 898 2221 mactatur
930 2193 1045 2220 vacca
1075 2180 1294 2233 Minervae,

180 2239 332 2290 Alipedi
364 2239 537 2292 vitulus,
570 2246 706 2279 taurus
738 2240 809 2279 tibi
827 2272 838 2293 ‚
869 2251 1021 2279 summe
1053 2239 1240 2278 deorum.

179 2298 365 2338 Protinus
396 2298 670 2337 Andromedan
702 2305 741 2338 et
773 2300 870 2338 tanti
900 2299 1072 2351 praemia
1103 2298 1196 2337 sacti
