1527 2580
573 123 654 158 vul
669 152 678 167 ‚
705 127 888 160 2⁶19—353
905 152 912 159 .
1039 137 1194 160 carnos
1327 125 1405 167 159

188 233 396 285 Oeclides,
431 235 678 284 nemorisque
713 234 831 273 decus
863 234 1037 285 Tegeaea
1071 233 1229 286 Lycaei.

188 291 325 331 Rasilis
358 292 448 331 huic
479 304 669 331 summam
703 292 903 332 mordebat
935 293 1050 332 fibula
1084 300 1252 343 vestem3

189 351 316 389 Crinis
349 357 432 390 erat
464 351 626 401 simplex
646 383 656 403 ,
685 351 828 390 nodum
861 352 1047 391 collectus
1079 353 1118 391 in
1151 364 1295 391 unum:

101 417 167 449 320
190 409 243 447 Ex
279 421 415 448 umero
448 409 622 461 pendens
657 410 863 449 resonabat
896 410 1066 450 eburnea
1099 410 1206 449 laevo

187 467 371 507 Telorum
406 474 567 520 custos,
601 480 734 507 arcum
768 481 923 520 quoque
956 469 1060 508 laeva
1094 468 1271 508 tenebat.

187 526 291 565 Talis
325 533 408 566 erat
440 527 578 566 cultu:
611 527 757 579 facies,
790 540 904 578 quam
937 528 1067 567 dicere
1101 540 1190 566 vere

189 584 408 636 Virgineam
440 587 478 624 in
512 598 664 638 puero,
697 586 887 637 puerilem
921 588 958 625 in
993 588 1139 638 virgine
1173 598 1330 637 posses.

188 643 294 682 Hanc
327 645 472 695 pariter
504 644 628 697 vidit,
661 646 807 696 pariter
840 644 1072 695 Calydonius
1104 645 1220 683 heros

100 710 166 742 325
189 702 373 754 Optavit,
406 710 597 742 renuente
632 703 703 742 deo
723 736 733 755 ‚
766 704 1017 754 flammasque
1051 704 1214 742 latentes

188 761 353 813 Hausit,
386 767 425 800 et
457 758 493 800 ‘o
529 761 617 800 felix
638 793 648 812 ,
680 763 833 813 siquem
866 759 1102 813 dignabitur'
1135 763 1262 812 inquit

189 817 281 859 ‘Ista
313 821 439 859 virum
459 816 483 858 !'
517 832 589 859 nec
621 820 731 872 plura
764 822 857 859 sinit
888 826 1119 872 tempusque
1153 820 1354 871 pudorque

190 878 349 918 Dicere:
382 880 506 917 maius
539 891 637 930 opus
670 881 797 930 magni
830 881 1053 918 certaminis
1087 885 1250 930 urguet.

247 936 349 976 Silva
370 938 557 988 frequens
579 936 778 989 trabibus,
806 949 921 988 quam
943 938 1046 976 nulla
1067 937 1262 976 ceciderat
1282 943 1407 987 aetaS,

100 1004 168 1036 330
189 996 329 1047 Incipit
360 1007 380 1034 a
412 995 526 1047 plano
545 1027 556 1048 ‚
589 995 811 1046 devexaque
843 997 1034 1047 prospicit
1065 1008 1176 1034 arva.

189 1054 274 1100 Quo
307 1059 514 1106 postquam
546 1066 687 1093 venere
720 1055 821 1106 viri,
853 1066 943 1106 pars
976 1055 1072 1093 retIa
1105 1054 1292 1105 tendunt,

187 1112 348 1152 Vincula
368 1125 458 1164 pars
478 1112 654 1152 adimunt
680 1112 840 1152 canibus
859 1144 870 1165 ‚
901 1124 991 1165 pars
1024 1124 1159 1164 pressa
1190 1118 1406 1163 sequuntur

189 1171 306 1223 Signa
338 1171 481 1223 pedum
500 1203 510 1223 ,
543 1173 785 1223 cupiuntque
817 1183 932 1210 suum
965 1173 1140 1222 reperire
1172 1171 1384 1223 periclum.

190 1230 365 1270 Concava
398 1230 504 1269 vallis
537 1236 649 1283 erat,
682 1242 759 1281 quo
792 1241 834 1269 se
867 1230 1072 1269 demittere
1105 1231 1176 1268 rivi

101 1297 167 1329 335
189 1290 404 1328 Assuerant
436 1288 612 1340 pluvialis
645 1300 796 1340 aquae:
830 1294 936 1327 tenet
968 1290 1042 1327 ima
1074 1287 1233 1327 lacunae

189 1347 310 1387 Lenta
341 1347 435 1386 salix
469 1347 657 1398 ulvaeque
690 1347 792 1386 leves
825 1348 1009 1398 iuncique
1042 1347 1235 1398 palustres

191 1405 418 1457 Viminaque
450 1412 490 1445 et
520 1405 634 1458 longa
665 1418 805 1457 parvae
838 1405 910 1444 sub
944 1405 1161 1444 harundine
1195 1416 1362 1443 cannae.

190 1464 289 1504 Hinc
321 1477 413 1517 aper
446 1466 597 1504 excitus
628 1464 778 1503 medios
810 1464 1003 1503 violentus
1036 1465 1075 1503 in
1107 1462 1240 1502 hostes

189 1523 360 1576 Fertur,
392 1529 436 1563 ut
467 1524 644 1562 excussis
676 1522 762 1562 elisi
794 1522 964 1562 nubibus
996 1524 1130 1573 ignes.

102 1590 170 1623 340
191 1582 391 1622 Sternitur
414 1583 585 1621 incursu
618 1594 756 1621 nemus
776 1614 786 1634 ‚
819 1587 858 1621 et
890 1581 1074 1633 propulsa
1107 1581 1300 1631 fragorem

190 1641 291 1680 Silva
323 1640 415 1680 dat.
455 1640 672 1680 exclamant
703 1642 863 1679 iuvenes
882 1671 893 1692 ,
925 1645 1205 1691 praetentaque
1239 1640 1326 1677 l'orti

189 1699 281 1738 Tela
304 1704 449 1739 -tenent
480 1699 616 1738 dextra
648 1699 723 1738 lato
757 1698 946 1738 vibrantia
979 1698 1106 1736 ferro.

191 1758 257 1797 llle
290 1759 370 1797 ruit
400 1759 626 1809 spargitque
659 1769 803 1809 canes,
838 1763 880 1796 ut
911 1758 1077 1807 quisque
1111 1756 1256 1795 furenti

190 1816 356 1869 Obstat,
389 1822 429 1855 et
459 1815 617 1867 obliquo
649 1815 836 1855 latrantes
869 1815 1031 1866 dissipat
1062 1815 1167 1853 ictu.

102 1883 169 1915 345
193 1875 333 1927 Cuspis
365 1874 554 1914 Echionio
587 1875 757 1926 primum
791 1879 967 1913 contorta
1001 1872 1146 1911 lacerto

189 1932 294 1973 Vana
325 1934 427 1986 suit,
460 1939 679 1984 truncoque
712 1932 818 1971 dedit
849 1932 931 1971 leve
964 1930 1103 1970 vulnus
1136 1942 1298 1969 acerno.

191 1992 370 2031 Proxima
389 2024 399 2044 ‚
431 1994 464 2031 si
496 1993 625 2031 nimiis
659 1992 847 2030 mittentis
880 1989 1027 2028 viribus
1062 2000 1129 2028 usa

190 2050 275 2090 Non
308 2051 438 2103 foret,
469 2052 509 2089 in
542 2056 651 2101 tergo
684 2051 763 2088 visa
795 2054 854 2088 est
886 2048 1050 2087 haesura
1082 2049 1228 2099 petito:

192 2108 363 2160 Longius
395 2110 452 2148 it.
491 2114 627 2147 auctor
660 2108 726 2147 teli
758 2107 954 2158 Pagaseus
1009 2106 1144 2145 lason.

104 2175 171 2208 350
192 2165 364 2206 ‘Phoebe
383 2163 410 2220 ‚⁹
442 2168 495 2206 ait
525 2166 757 2217 Ampycides
791 2163 839 2204 ‘si
866 2172 903 2204 te
935 2164 1117 2215 coluique
1150 2163 1335 2214 coloque,

190 2225 245 2266 Da
277 2225 371 2265 mihi
405 2225 507 2277 quod
541 2226 687 2276 petitur
720 2229 827 2263 certo
860 2225 1088 2275 contingere
1122 2222 1196 2261 telo
1212 2219 1236 2261 !’

191 2285 276 2332 Qua
307 2286 464 2336 potuit,
495 2282 679 2335 precibus
711 2282 808 2322 deus
840 2284 1004 2321 annuit.
1044 2283 1144 2320 ictus
1177 2279 1223 2318 ab
1246 2279 1308 2318 illo
1330 2286 1410 2329 est,

193 2342 269 2382 Sed
303 2345 386 2382 sine
421 2342 580 2382 vulnere
601 2373 610 2391 ‚
643 2353 764 2393 aper:
798 2341 946 2380 serrum
978 2339 1097 2379 Diana
1131 2338 1271 2377 volanti
