1527 2580
623 129 671 164 IV
686 157 695 174 ,
722 133 928 166 578-647.
1012 143 1179 167 rexisses,
1206 144 1313 166 nus
1387 131 1440 173 83

229 239 400 292 Persea,
433 251 548 292 quem
582 239 709 291 pluvio
744 239 870 280 Danae
903 246 1135 292 conceperat
1167 253 1283 280 auro.

227 298 312 338 Mox
347 304 474 338 tamen
506 299 699 338 Acrisium
719 330 729 350 ,
762 305 865 338 tanta
898 305 958 338 est
988 301 1205 351 praesentia
1239 302 1342 351 veri,

226 355 321 396 Tam
353 356 514 396 violasse
547 356 663 396 deum
697 369 810 408 quam
843 369 918 396 non
952 370 1114 409 agnosse
1147 363 1327 409 nepotem

226 414 433 455 Paenitet.
471 416 664 467 inpositus
696 417 771 454 iam
804 415 908 454 caelo
942 423 1001 455 est
1032 415 1156 455 alter.
1195 422 1233 455 at
1264 416 1360 455 alter

139 481 205 512 616
226 472 381 525 Viperei
412 473 589 513 reserens
622 472 787 525 spolium
820 473 1068 513 memorabile
1102 476 1266 514 monstri

226 533 325 571 Aera
358 531 541 584 carpebat
575 538 753 571 tenerum
786 532 1042 572 stridentibus
1075 532 1167 572 alis.

229 589 404 642 Cumque
436 602 556 642 super
588 589 749 641 Libycas
782 592 905 629 victor
936 590 1126 643 penderet
1157 591 1344 644 harenas,

227 648 422 700 Gorgonei
454 649 590 700 capitis
622 655 752 699 guttae
786 648 962 688 cecidere
996 655 1203 703 cruentae,
1313 658 1340 683 1-
1360 658 1441 684 xlix.

227 706 332 753 Quas
363 706 506 746 humus
539 713 720 759 exceptas
752 709 877 746 varios
909 709 1089 747 animavit
1119 709 1159 747 in
1192 719 1360 759 angues:

139 773 206 805 620
225 764 335 805 Unde
369 765 555 817 frequens
588 765 650 805 illa
682 772 741 805 est
772 766 990 817 infestaque
1025 772 1127 805 terra
1160 766 1355 806 colubris.

226 823 318 863 Inde
351 835 422 876 per
453 825 675 863 inmensum
706 826 831 863 ventis
863 824 1108 863 discordibus
1142 830 1250 864 actus

227 881 339 921 Nunc
370 882 447 922 huc
471 914 482 935 ,
514 894 617 922 nunc
651 882 771 934 illuc,
805 882 979 934 exemplo
1013 882 1128 922 nubis
1160 894 1326 935 aquosae

227 940 399 993 Fertur,
433 947 471 980 et
502 953 549 980 ex
582 940 656 980 alto
690 940 870 980 seductas
903 941 1060 980 aethere
1092 941 1204 992 longe

227 998 435 1051 Despectat
466 1005 590 1038 terras
624 1004 827 1050 totumque
859 999 1081 1051 supervolat
1112 999 1268 1038 orbem.

141 1064 208 1096 625
230 1056 309 1096 Ter
341 1057 487 1109 gelidas
519 1058 658 1096 Arctos
676 1089 687 1111 ‚
719 1064 779 1097 ter
813 1057 951 1096 Cancri
983 1057 1163 1097 bracchia
1195 1057 1311 1097 vidit:

227 1115 351 1168 Saepe
385 1115 456 1155 sub
490 1128 652 1155 occasus
671 1148 682 1169 ,
714 1128 829 1168 saepe
862 1122 922 1155 est
954 1115 1102 1155 ablatus
1134 1118 1173 1155 in
1207 1122 1339 1156 ortus.

227 1174 384 1226 lamque
417 1173 579 1214 cadente
612 1174 672 1214 die
706 1176 852 1214 veritus
885 1186 926 1213 se
959 1173 1120 1213 credere
1152 1176 1281 1227 nocti,

227 1232 411 1272 Constitit
441 1231 661 1285 Hesperio,
694 1233 824 1284 regnis
856 1232 1020 1272 Atlantis
1039 1264 1050 1285 ,
1081 1233 1121 1271 in
1153 1232 1271 1272 orbe:
1371 1240 1445 1269 1-1.

226 1289 494 1342 Exiguamque
525 1292 624 1343 petit
655 1293 831 1342 requiem
853 1322 864 1343 ‚
895 1290 988 1329 dum
1020 1289 1177 1329 Lucifer
1208 1292 1318 1342 ignes

138 1357 206 1389 630
226 1348 373 1389 Evocet
403 1349 576 1389 Aurorae
595 1380 606 1402 ‚
639 1361 779 1389 currus
811 1350 960 1388 Aurora
993 1348 1177 1388 diurnos.

227 1407 299 1447 Hic
331 1407 534 1448 hominum
567 1413 729 1447 cunctos
761 1409 910 1459 ingenti
942 1419 1106 1459 corpore
1138 1413 1340 1459 praestans

226 1465 486 1518 Iapetionides
518 1465 623 1505 Atlas
656 1467 757 1506 fuit.
796 1465 930 1505 ultima
962 1465 1077 1505 tellus

226 1524 332 1576 Rege
364 1523 437 1564 sub
469 1524 543 1564 hoc
575 1530 614 1564 et
644 1530 788 1577 pontus
820 1530 932 1577 erat,
965 1525 1031 1576 qui
1064 1523 1164 1563 Solis
1197 1523 1344 1563 anhelis

225 1584 405 1634 Aequora
437 1582 569 1622 subdit
601 1584 712 1635 equis
744 1588 783 1622 et
815 1583 939 1622 fessos
971 1583 1115 1634 excipit
1147 1594 1258 1621 axes.

139 1649 206 1680 635
227 1640 330 1681 Mille
362 1653 501 1694 greges
533 1641 588 1681 illi
620 1641 862 1692 totidemque
893 1647 1067 1680 armenta
1098 1653 1168 1692 per
1200 1640 1341 1679 herbas

225 1699 451 1753 Errabant;
489 1705 528 1739 et
557 1699 721 1739 humum
754 1701 892 1738 vicinia
924 1699 1027 1738 nulla
1058 1698 1310 1750 premebant.

227 1757 424 1797 Arboreae
456 1757 615 1797 frondes
648 1769 743 1798 auro
775 1757 950 1797 radiante
982 1758 1152 1796 virentes

227 1816 285 1856 Ex
319 1829 414 1856 auro
448 1828 575 1856 ramos
594 1848 605 1869 ‚
637 1828 685 1856 ex
717 1828 811 1856 auro
844 1827 957 1867 poma
989 1814 1194 1867 tegebant.

228 1872 393 1928 ‘Hospes
411 1871 437 1928 ,³
470 1876 522 1915 ait
553 1874 722 1914 Perseus
752 1873 807 1913 illi
839 1871 923 1913 ‘seu
956 1873 1076 1925 gloria
1109 1874 1230 1925 tangit

139 1941 206 1973 640
225 1933 281 1973 Te
313 1934 469 1986 generis
501 1935 629 1985 magni
647 1965 659 1986 ,
690 1933 845 1984 generis
878 1931 971 1971 mihi
1004 1931 1178 1984 luppiter
1210 1937 1370 1984 auctor;

227 1991 315 2031 Sive
347 2003 389 2032 es
421 1993 583 2032 mirator
614 2003 747 2031 rerum
766 2023 777 2044 ,
809 1990 1001 2029 mirabere
1034 1996 1210 2030 nostras.

225 2049 448 2102 Hospitium
479 2051 735 2102 requiemque
767 2055 856 2101 peto
879 2045 902 2087 .’
941 2060 1091 2088 memor
1122 2047 1186 2088 ille
1216 2053 1392 2088 vetustae

228 2108 354 2148 Sortis
381 2114 494 2161 erat3
525 2108 683 2148 Themis
716 2107 815 2147 hanc
847 2106 1008 2146 dederat
1031 2106 1214 2146 Parnasia
1246 2112 1416 2146 sortem:

226 2164 414 2220 ‘Tempus
432 2198 444 2220 ,
475 2166 559 2206 Atla
577 2198 589 2220 ,
620 2167 779 2219 veniet,
812 2171 877 2205 tua
909 2177 985 2217 quo
1018 2164 1250 2217 spoliabitur
1281 2175 1375 2204 auro

138 2232 206 2265 645
226 2224 352 2265 Arbor
370 2257 381 2278 ,
414 2231 452 2265 et
481 2224 587 2264 hunc
618 2223 784 2276 praedae
817 2223 973 2264 titulum
992 2222 1081 2263 Iove
1114 2229 1229 2264 natus
1249 2219 1444 2262 habebit?

225 2283 267 2324 ld
299 2290 478 2324 metuens
511 2282 645 2323 solidis
676 2283 850 2335 pomaria
882 2282 1075 2322 clauserat
1106 2282 1211 2321 Atlas

227 2341 431 2382 Moenibus
463 2348 503 2382 et
533 2340 833 2382 vasto'dederat
865 2341 1050 2381 servanda
1083 2340 1264 2392 draconi,

1117 2407 1163 2441 6*
