1538 2496
136 102 221 145 208
398 113 537 138 amm
715 97 930 134 METAMM
945 126 952 134 .

253 213 407 264 Perque
440 222 578 251 novem
609 214 745 248 noctes
777 220 961 248 venerem
993 214 1201 261 tactusque
1232 209 1364 249 viriles

166 271 297 311 4351n
329 272 459 310 vetitis
490 273 727 308 numerant.
767 266 882 307 turha
914 267 1128 307 Cenchreis
1159 269 1200 307 in
1231 267 1318 320 illa,

253 330 370 381 Regis
403 329 512 367 adest
543 327 713 366 coniunx
731 358 742 378 ,
774 338 992 377 arcanaque
1025 339 1135 366 sacra
1166 327 1412 378 frequentat.

254 388 356 439 Ergo
389 387 560 438 legitima
591 397 735 424 vacuus
768 385 862 424 dum
894 386 1060 437 coniuge
1091 385 1243 438 lectus,

254 447 374 485 Nacta
406 456 563 496 gravem
594 445 683 483 vino
717 443 897 495 Cinyram
930 444 1029 482 male
1062 443 1197 483 sedula
1227 444 1384 496 nutrix,

252 505 416 543 Nomine
448 504 612 542 mentito
631 534 643 555 ‚
674 514 787 541 veros
821 503 980 554 exponit
1011 514 1188 556 amores,

165 572 234 604 440
253 563 303 602 Et
334 563 472 601 faciem
503 561 662 601 laudat.
702 562 890 612 quaesitis
922 562 1085 612 virginis
1117 562 1229 601 annis

254 618 376 661 “Par'
401 622 455 660 ait
480 617 556 660 ‘est
580 619 759 672 Myrrhae
780 616 821 659 .''
854 631 971 671 quam
996 625 1205 672 postquam
1231 619 1425 660 adducere

1259 681 1367 718 iussa
1397 685 1480 731 est,

254 739 381 791 thue
414 738 574 778 domum
605 738 750 790 rediit,
784 734 940 788 “gaude
958 768 969 790 ,
1001 734 1103 777 mea'
1135 737 1233 777 dixit
1264 734 1456 778 ‘alumnaz

253 798 426 838 Vicimus
447 795 488 837 .''
520 796 655 836 infelix
688 807 767 836 non
798 801 881 835 toto
913 801 1074 848 pectore
1107 798 1228 836 sentit

252 856 458 896 Laetitiam
488 857 598 907 virgo
617 887 628 909 ‚
659 867 924 907 praesagaque
956 861 1117 907 pectora
1148 860 1349 908 maerent,

166 923 233 955 445
255 915 332 955 Sed
364 921 495 955 tamen
528 921 567 954 et
597 914 768 966 gaudet:
800 919 907 953 tanta
939 920 999 953 est
1030 913 1226 954 d1scordia
1256 914 1421 953 mentis.

255 974 427 1026 Tempus
460 979 573 1026 erat,
605 985 682 1024 quo
716 978 857 1012 cuncta
889 972 1035 1025 silent;
1067 974 1249 1024 interque
1282 972 1449 1013 Triones

254 1033 434 1072 Flexerat
465 1031 623 1083 obliquo
655 1032 876 1084 plaustrum
907 1037 1063 1070 temone
1095 1030 1262 1071 Bootes.

255 1091 312 1130 Ad
344 1093 495 1131 facinus
527 1092 634 1130 venit
664 1090 729 1129 illa
760 1102 905 1130 suum.
945 1090 1046 1142 fugit
1076 1102 1195 1129 aurea
1227 1089 1334 1130 caelo

254 1149 364 1190 Luna
383 1182 394 1203 ,
425 1156 564 1201 tegunt
595 1150 729 1200 nigrae
760 1148 950 1188 latitantia
982 1148 1111 1188 sidera
1142 1147 1293 1189 nubes:

167 1216 235 1249 450
253 1208 338 1248 Nox
371 1215 479 1248 caret
509 1210 598 1260 igne
632 1220 732 1247 suo,
770 1209 922 1259 primus
954 1208 1053 1260 tegis
1072 1239 1084 1260 ,
1115 1206 1223 1247 Icare
1241 1239 1254 1261 ,
1285 1207 1439 1260 vultus,

254 1268 504 1320 Erigoneque
535 1269 600 1319 pio
633 1271 783 1306 sacrata
814 1267 989 1318 parentis
1019 1278 1174 1306 amore.

255 1327 333 1366 Ter
364 1326 476 1378 pedis
508 1326 648 1365 offensi
679 1327 790 1377 signo
824 1330 884 1364 est
914 1331 1124 1378 revocata,
1155 1331 1217 1365 ter
1248 1336 1364 1365 omen

254 1385 460 1425 Funereus
492 1384 596 1424 bubo
629 1384 734 1423 letali
766 1385 938 1423 carmine
970 1384 1086 1424 fecit.

255 1443 290 1484 It
318 1449 450 1483 tamen
468 1475 480 1497 ‚
512 1449 551 1483 et
581 1442 767 1482 tenebrae
787 1444 971 1482 minuunt
989 1455 1146 1494 noxque
1165 1448 1250 1482 atra
1267 1442 1481 1495 pudorem:

169 1510 236 1543 455
256 1502 512 1554 Nutricisque
543 1513 703 1541 manum
734 1501 840 1541 laeva
872 1507 1009 1554 tenet,
1041 1501 1162 1541 altera
1187 1507 1295 1541 motu

257 1561 426 1601 Caecum
457 1563 533 1600 iter
565 1560 768 1612 explorat.
806 1559 964 1599 thalami
995 1561 1071 1599 iam
1102 1559 1236 1600 limina
1267 1561 1414 1612 tangit,

257 1620 415 1671 Iamque
447 1620 552 1659 fores
585 1620 739 1671 aperit,
770 1620 846 1657 iam
879 1618 1037 1658 ducitur
1067 1620 1202 1658 intus.
1241 1625 1281 1658 at
1309 1619 1366 1658 illi

256 1678 410 1731 Poplite
442 1677 628 1718 succiduo
662 1689 788 1729 genua
819 1679 1061 1717 intremuere
1079 1709 1091 1731 ‚
1123 1678 1301 1729 fugitque

257 1737 307 1777 Et
338 1737 446 1777 color
478 1742 518 1776 et
549 1737 707 1787 sanguis
725 1768 736 1788 ,
768 1737 1001 1788 animusque
1032 1736 1223 1788 relinquit
1253 1742 1434 1776 cuntem.

171 1805 239 1837 450
259 1796 425 1848 Quoque
445 1808 517 1835 suo
536 1796 698 1847 propior
719 1794 858 1834 sceleri
879 1800 938 1834 est
955 1826 967 1847 ,
993 1797 1115 1849 magis
1142 1794 1302 1848 horret,
1327 1800 1369 1835 et
1399 1795 1482 1835 ausi

257 1855 465 1908 Paenitet,
498 1860 538 1894 et
567 1853 684 1893 vellet
714 1865 793 1892 non
826 1855 982 1904 cognita
1012 1865 1129 1905 posse
1160 1855 1330 1893 reverti.

260 1913 520 1953 Cunctantem
550 1912 736 1964 longaeva
767 1924 885 1951 manu
916 1911 1104 1964 deducit,
1137 1917 1177 1951 et
1207 1912 1283 1951 alto

260 1972 464 2011 Admotam
494 1971 596 2011 lecto
629 1983 719 2011 cum
750 1970 953 2023 traderet,
986 1967 1151 2022 “accipe
1169 1967 1197 2023 ,'
1229 1971 1326 2010 dixit

261 2027 354 2069 ‘Ista
385 2037 451 2070 tua
482 2036 544 2070 est
561 2062 572 2083 ‚
605 2026 777 2081 Cinyra„
810 2029 1026 2080 devotaque
1059 2041 1226 2080 corpora
1255 2030 1404 2069 iunxit.

173 2096 241 2129 465
261 2090 413 2140 Accipit
444 2088 613 2128 obsceno
646 2090 801 2140 genitor
833 2099 903 2127 sua
933 2089 1084 2127 viscera
1115 2088 1241 2141 lecto,

259 2146 543 2198 virgineosque
575 2153 703 2186 metus
734 2146 863 2200 levat,
895 2146 1154 2198 hortaturque
1187 2148 1414 2186 timentem.

260 2206 440 2244 Forsitan
472 2207 608 2244 aetatis
639 2218 797 2257 quoque
828 2207 986 2245 nomine
1019 2201 1163 2245 “filia'’
1195 2205 1314 2245 dixit:

261 2263 365 2302 Dixit
396 2269 436 2302 et
465 2263 528 2302 illa
559 2261 702 2315 “pater
719 2261 763 2317 ‚''
796 2264 936 2304 sceleri
967 2276 1017 2304 ne
1048 2265 1206 2304 nomina
1237 2264 1386 2303 desint.

260 2321 379 2362 Plena
409 2323 531 2374 patris
563 2321 741 2362 thalamis
772 2322 956 2377 excedit,
987 2327 1028 2363 et
1055 2324 1174 2375 impia
1204 2322 1290 2362 diro
