1538 2496
124 113 208 156 222
372 125 519 148 EESIONE
674 108 888 144 METAMM
903 134 911 144 .
1495 0 1538 182 ἲ

241 223 428 263 Crescere
461 220 608 260 difficili
627 251 637 271 ‚
670 231 743 258 nec
775 231 869 270 opes
901 230 1115 270 exposcere
1146 230 1308 271 parvas:

240 281 416 332 Cumque
448 280 704 329 tridentigero
739 278 876 317 tumidi
908 279 1084 329 genitore
1114 278 1300 329 profundi

238 339 441 379 Mortalem
471 338 648 377 induitur
680 337 846 375 formam
864 367 875 389 ,
906 335 1176 388 Phrygiaeque
1209 342 1373 388 tyranno

239 399 424 437 Aedificat
456 408 590 436 muros
609 427 620 448 ,
651 400 788 447 pactus
820 406 892 447 pro
924 394 1131 435 moenibus
1163 407 1326 434 aurum.

152 465 218 497 205
241 456 374 495 Stabat
405 467 533 507 opus:
565 456 736 505 pretium
769 466 839 493 rex
869 454 1066 493 inficiatur
1084 485 1096 506 ,
1128 459 1167 493 et
1198 453 1327 507 addit,

237 514 427 554 Perfidiae
460 513 663 552 cumulum
682 545 692 565 ‚
726 512 831 552 falsis
864 514 1036 564 periuria
1068 511 1220 551 verbis.

240 572 339 612 ‘Non
372 574 518 624 inpune
552 569 670 611 feres’
703 578 835 611 rector
867 573 987 610 maris
1019 572 1176 622 inquit:
1208 575 1248 610 et
1278 581 1414 610 omnes

238 631 440 671 Inclinavit
472 642 591 682 aquas
623 630 670 669 ad
703 642 838 669 avarae
869 631 984 669 litora
1015 630 1178 669 Troiae.

238 690 360 741 Inque
394 691 485 728 freti
516 690 682 729 formam
713 694 839 728 terras
871 688 1110 741 complevit,
1140 700 1314 740 opesque

151 757 217 788 210
237 748 408 788 Abstulit
440 748 620 800 agricolis
653 754 692 787 et
723 747 907 787 fiuctibus
941 747 1073 786 obruit
1104 758 1240 798 agros.

235 807 365 846 Poena
388 819 516 858 neque
542 807 638 846 haec
665 807 758 845 satis
779 810 861 845 est:
888 807 991 857 regis
1013 817 1169 857 quoque
1189 805 1266 845 filia
1287 810 1460 844 monstro

235 866 417 905 Poscitur
449 877 673 916 aequoreo.
713 876 830 916 quam
862 864 960 904 dura
992 864 1039 903 ad
1071 875 1161 903 saxa
1193 865 1407 904 revinctam

236 924 413 963 Vindicat
444 922 597 963 Alcides
616 956 627 976 ‚
658 925 930 975 promissaque
963 934 1127 962 munera
1146 954 1157 975 ,
1189 923 1314 962 dictos

235 982 368 1022 Poscit
399 994 550 1035 equos3
583 984 759 1033 tantique
792 984 922 1033 operis
954 981 1136 1021 mercede
1168 986 1305 1032 negata

150 1049 215 1081 215
236 1040 302 1080 Bis
332 1042 489 1093 periura
523 1042 626 1092 capit
662 1046 867 1092 superatae
899 1041 1052 1080 moenia
1084 1040 1247 1079 Troiae.

235 1099 316 1139 Nec
347 1112 438 1151 pars
471 1099 660 1152 militiae,
691 1099 878 1138 Telamon
897 1130 908 1150 ‚
940 1100 1024 1138 sine
1056 1098 1206 1137 honore
1238 1099 1428 1151 recessit,

236 1158 484 1210 Hesioneque
518 1158 605 1197 data
636 1159 814 1209 potitur.
854 1169 942 1196 nam
975 1159 1140 1208 coniuge
1171 1156 1313 1196 Peleus

237 1216 373 1256 Clarus
407 1223 490 1256 erat
522 1217 636 1255 diva.
676 1228 749 1255 nec
782 1217 840 1255 avi
871 1217 992 1267 magis
1025 1215 1088 1254 ille
1122 1215 1300 1267 superbit

235 1275 431 1327 Nomine,
465 1288 580 1326 quam
614 1276 770 1327 soceri;
803 1274 997 1326 siquidem
1028 1273 1128 1314 Iovis
1161 1286 1248 1314 esse
1279 1275 1413 1326 nepoti

150 1343 215 1374 220
226 1334 409 1398 Contigit
440 1334 543 1373 haud
575 1336 673 1386 uni,
706 1334 877 1372 coniunx
909 1333 979 1372 dea
1012 1334 1176 1384 contigit
1205 1334 1296 1372 uni.

295 1392 469 1444 Namque
491 1405 609 1431 senex
630 1392 786 1437 Thetidi
806 1391 973 1432 Proteus
1002 1389 1102 1431 ‘dea’
1124 1391 1274 1431 dixerat
1297 1388 1460 1445 undae,

236 1451 436 1503 Concipe.
475 1456 599 1490 mater
632 1452 710 1490 eris
742 1452 893 1490 iuvenis
912 1482 923 1503 ‚
956 1452 1023 1502 qui
1055 1450 1223 1490 fortibus
1254 1452 1365 1490 annis

235 1510 329 1549 Acta
362 1510 484 1561 patris
516 1511 646 1549 vincet
677 1510 878 1560 maiorque
910 1508 1113 1548 vocabitur
1143 1505 1249 1548 illo?

234 1568 338 1620 Ergo
358 1600 368 1620 ,
401 1580 449 1607 ne
483 1570 692 1619 quicquam
724 1568 894 1607 mundus
926 1567 1014 1606 Iove
1046 1568 1170 1607 maius
1202 1567 1388 1621 haberet,

149 1635 214 1667 225
237 1627 420 1673 Quamvis
453 1627 554 1666 haud
590 1626 741 1678 tepidos
775 1626 847 1665 sub
880 1632 1041 1678 pectore
1074 1631 1252 1666 senserat
1282 1628 1418 1679 ignes,

235 1686 410 1737 Iuppiter
443 1697 660 1737 aequoreae
693 1685 868 1724 Thetidis
903 1684 1070 1724 conubia
1101 1685 1224 1738 sugit,

235 1744 278 1783 In
311 1756 458 1795 suaque
490 1744 684 1784 Aeaciden
717 1743 930 1784 succedere
962 1749 1050 1783 vota
1082 1749 1264 1796 nepotem

235 1803 353 1842 lussit
384 1808 424 1842 et
455 1802 655 1854 amplexus
686 1804 727 1842 in
758 1804 921 1854 virginis
952 1804 1237 1851 irmarinae.

235 1861 305 1900 Est
337 1863 446 1901 sinus
478 1861 714 1901 Haemoniae
747 1874 888 1900 curvos
921 1861 1085 1900 falcatus
1117 1863 1158 1901 in
1190 1874 1328 1914 arcus,

149 1930 215 1961 230
236 1920 421 1959 Bracchia
452 1925 722 1972 procurrunt:
754 1920 821 1959 ubi
839 1951 851 1972 ,
884 1921 917 1959 si
948 1920 1050 1959 foret
1081 1920 1195 1960 altior
1226 1921 1352 1973 unda,

235 1979 378 2018 Portus
412 1986 524 2031 erat;
557 1980 720 2019 summis
751 1979 957 2018 inductum
989 1984 1049 2017 est
1081 1991 1228 2031 aequor
1259 1979 1440 2019 harenis.

235 2039 344 2077 Litus
376 2037 493 2077 habet
524 2037 720 2090 solidum,
753 2037 857 2089 quod
889 2049 962 2076 nec
993 2039 1156 2089 vestigia
1187 2044 1340 2091 servet,

236 2097 315 2136 Nec
348 2101 569 2136 remoretur
600 2098 705 2150 iter,
736 2108 810 2136 nec
842 2102 1024 2148 opertum
1055 2097 1223 2148 pendeat
1253 2097 1359 2149 alga.

235 2155 383 2206 Myrtea
415 2155 508 2193 silva
540 2154 704 2208 subest,
736 2154 976 2195 bicoloribus
1009 2155 1133 2195 obsita
1165 2155 1294 2195 bacis.

150 2222 214 2253 235
236 2213 306 2253 Est
338 2225 479 2264 specus
511 2215 551 2252 in
584 2214 710 2253 medio
729 2246 741 2267 ‚
773 2220 912 2254 natura
944 2214 1070 2254 factus
1088 2246 1099 2268 ‚
1131 2226 1179 2254 an
1211 2220 1319 2267 arte,

235 2272 498 2323 Ambiguum3
531 2274 651 2324 magis
684 2279 767 2312 arte
800 2279 961 2313 tamen:
994 2285 1070 2325 quo
1102 2285 1218 2325 saepe
1249 2269 1382 2313 venire

234 2331 402 2371 Frenato
434 2330 615 2382 delphine
650 2332 789 2371 sedens
808 2363 819 2385 ,
851 2332 966 2372 Theti
998 2331 1131 2385 nuda,
1163 2328 1338 2372 solebas.

1534 762 1538 778 ..
1527 598 1538 721 ..μμ-ῃ..
1528 575 1537 584 s
1525 459 1538 552 ..-3ss
1522 399 1538 435 Ἰ,-
