1554 2506
181 35 235 76 66
405 46 559 69 uocaus
728 32 941 67 METAMM
955 61 963 68 .

297 143 442 183 Clamat
473 141 525 182 ‘io
558 144 719 181 comites
738 173 749 194 ‚
781 153 880 192 opus
911 141 1006 181 haec
1038 143 1198 180 victoria
1219 147 1397 182 nostrum
1418 149 1478 182 est
1491 139 1516 183 !’

295 202 379 240 Non
413 204 528 240 citius
560 200 718 239 frondes
751 202 927 239 autumni
960 201 1104 252 frigore
1137 205 1258 239 tactas

210 270 275 299 730
295 260 452 310 Iamque
485 260 582 297 male
615 259 822 297 haerentes
853 259 928 297 alta
960 261 1062 310 rapit
1093 258 1233 298 arbore
1264 264 1428 311 ventus,

295 319 417 364 Quam
450 324 543 356 sunt
573 317 746 355 membra
772 318 842 356 viri
876 317 1056 356 manibus
1088 317 1241 368 direpta
1272 317 1473 357 nefandis.

294 377 452 415 Talibus
486 376 672 426 exemplis
704 377 872 414 monitae
899 388 996 414 nova
1028 387 1136 414 sacra
1170 377 1423 427 frequentant

294 434 476 485 Turaque
509 434 602 473 dant
633 442 866 486 sanctasque
893 435 1027 473 colunt
1057 433 1273 473 Ismenides
1304 445 1415 473 aras.

550 603 634 642 χ

574 687 758 741 LIBER
796 686 1080 742 QUARTUS
1095 725 1108 742 .

289 786 338 825 At
362 798 440 825 non
473 785 648 825 Alcithoe
681 786 866 837 Minyeias
900 788 1006 837 orgia
1039 791 1176 825 censet

289 844 523 895 Accipienda
556 844 648 898 dei,
679 844 747 884 sed
780 845 906 883 adhuc
937 846 1145 883 temeraria
1178 843 1374 883 Bacchum

289 903 523 954 Progeniem
556 909 672 954 negat
698 916 784 942 esse
810 903 910 942 Iovis
930 935 940 955 ,
973 905 1178 954 sociasque
1211 915 1368 942 sorores

290 961 505 1013 impietatis
537 961 681 1001 habet.
721 962 865 1001 festum
899 962 1099 1000 celebrare
1132 961 1339 1014 sacerdos,

249 1027 268 1058 5
288 1020 565 1070 immunesque
600 1033 764 1071 operum
797 1021 959 1058 famulas
992 1020 1248 1070 dominasque
1281 1032 1444 1058 suorum

287 1078 451 1117 Pectora
484 1079 584 1129 pelle
615 1080 725 1130 tegi,
757 1079 925 1117 crinales
959 1078 1109 1117 solvere
1141 1080 1280 1131 vittas,

289 1136 399 1175 Serta
433 1149 542 1175 coma
560 1168 571 1189 ,
604 1137 783 1176 manibus
809 1136 1039 1175 frondentes
1072 1149 1228 1175 sumere
1261 1136 1417 1188 thyrsos

286 1195 489 1247 Iusserat,
521 1200 561 1234 et
592 1208 746 1234 saevam
779 1195 872 1234 laesi
900 1197 985 1234 sore
1018 1197 1189 1234 numinis
1222 1196 1321 1234 iram

286 1253 525 1292 Vaticinatus
559 1259 643 1292 erat
663 1285 671 1293 .
709 1261 850 1305 parent
881 1261 1106 1305 matresque
1138 1265 1370 1306 nurusque,

225 1321 267 1352 10
288 1313 479 1363 Telasque
513 1313 764 1363 calathosque
791 1314 1014 1364 infectaque
1047 1325 1166 1364 pensa
1199 1317 1422 1365 reponunt,

286 1371 470 1421 Turaque
502 1370 623 1423 dant,
655 1371 929 1423 Bacchumque
961 1378 1102 1410 vocant
1129 1371 1410 1421 Bromiumque

1268 1429 1516 1481 Lyaeumque

286 1488 590 1539 ignigenamque
623 1494 829 1540 satumque
861 1490 1007 1528 iterum
1047 1488 1253 1539 solumque
1285 1487 1516 1528 bimatrem:

285 1547 450 1585 Additur
484 1548 543 1585 his
575 1547 726 1598 Nyseus
759 1547 1072 1598 indetonsusque
1103 1547 1341 1599 Thyoneus,

286 1605 334 1644 Et
366 1618 455 1644 cum
483 1605 636 1644 Lenaeo
669 1607 831 1657 genialis
864 1609 1038 1644 consitor
1069 1618 1191 1658 uvae,

224 1673 263 1702 15
284 1664 562 1714 Nycteliusque
590 1664 825 1715 Eleleusque
858 1677 1000 1715 parens
1033 1671 1071 1703 et
1099 1664 1264 1703 Iacchus
1296 1670 1335 1703 et
1353 1663 1516 1717 Euhan,

285 1722 333 1761 Et
367 1735 464 1773 quae
498 1730 702 1773 praeterea
736 1735 805 1774 per
838 1723 973 1762 Graias
1005 1723 1172 1774 plurima
1207 1729 1344 1774 gentes

286 1781 479 1834 Nomina,
517 1781 664 1834 Liber,
702 1781 851 1820 habes.
896 1781 966 1820 tibi
1005 1783 1109 1820 enim
1149 1783 1426 1832 inconsumpta

1243 1841 1401 1878 iuventa
1435 1845 1516 1892 est,

287 1898 344 1936 Tu
377 1911 476 1948 puer
508 1904 694 1938 aeternus
712 1931 724 1952 ,
758 1906 800 1937 tu
829 1888 1145 1937 formosissiffl
1169 1898 1245 1938 alto

288 1955 535 2006 Conspiceris
569 1958 703 1996 caelo.
744 1957 814 1996 tibi
832 1990 843 2010 ,
876 1970 966 1997 cum
993 1960 1077 1996 sine
1110 1957 1298 1995 cornibus
1332 1961 1457 2007 astas,

225 2023 267 2052 20
287 2013 514 2064 Virginenm
548 2022 664 2067 caput
690 2023 750 2055 est
769 2048 778 2056 .
817 2018 949 2055 oriens
981 2016 1052 2055 tibi
1086 2017 1210 2054 victus
1245 2015 1422 2066 adusque

288 2072 453 2112 Decolor
486 2081 660 2112 extremo
694 2087 769 2125 qua
802 2077 997 2126 tinguitur
1029 2075 1136 2113 India
1170 2074 1327 2125 Gange.

287 2130 459 2169 Penthea
500 2139 541 2170 tu
561 2164 572 2185 ,
604 2133 824 2172 venerande
845 2165 855 2185 ‚
888 2133 1258 2185 bipenniferumque
1294 2131 1515 2183 Lycurgum

290 2189 507 2240 Sacrilegos
540 2198 684 2229 mactas
703 2223 714 2244 ,
746 2192 1030 2243 Tyrrhenaque
1062 2194 1184 2230 mittis
1217 2193 1255 2230 in
1293 2202 1440 2242 aequor

289 2247 462 2299 Corpora
482 2279 490 2286 .
529 2255 571 2288 tn
603 2249 779 2300 biiugum
809 2252 925 2302 pictis
957 2252 1124 2302 insignia
1155 2251 1278 2288 frenis
