1527 2580
617 85 703 122 XIV
714 108 723 126 ,
749 83 934 116 278-350
947 108 954 115 .
1117 93 1214 117 mcvi·
1377 80 1459 123 291

242 189 425 230 Ostendit
456 190 632 230 iuvenale
651 222 662 243 ‚
693 203 834 242 gerens
866 192 906 230 in
937 192 1083 230 vertice
1115 193 1270 244 picum,

153 256 221 288 315
242 249 346 288 Aede
378 261 488 288 sacra
518 251 690 301 positum
721 249 932 301 multisque
963 251 1116 301 insigne
1149 251 1327 290 coronis.

243 307 339 354 Quis
371 308 473 347 soret
491 339 502 359 ,
534 314 574 347 et
605 320 725 359 quare
759 320 869 347 sacra
900 307 1096 348 coleretur
1127 310 1168 348 in
1199 308 1316 359 aede,

242 365 322 406 Cur
351 365 452 406 hanc
484 367 607 406 ferret
637 378 775 418 avem,
807 368 1011 417 quaerenti
1042 372 1081 406 et
1113 368 1212 406 scire
1244 366 1387 406 volenti

243 422 416 476 “Accipe
431 422 456 477 ,⁹
477 426 531 464 ait
550 422 745 464 ‘Macareu
764 456 775 477 ‚
801 424 1058 476 dominaeque
1078 427 1251 477 potentia
1272 437 1370 476 quae
1391 427 1464 478 sit,

243 482 342 522 Hinc
375 496 530 535 quoque
564 483 670 523 disce
704 495 840 522 meae:
873 490 916 523 tu
948 484 1062 522 dictis
1095 484 1203 523 adice
1235 490 1428 523 mentem.

155 549 223 580 320
302 542 419 581 Picus
451 544 490 580 in
523 543 734 593 Ausoniis,
766 542 895 593 proles
930 541 1110 581 Saturnia
1129 574 1140 594 ‚
1172 543 1288 582 terris

243 600 325 639 Rex
357 600 431 638 suit
449 632 460 651 ,
493 600 648 639 utilium
679 599 780 639 bello
813 601 1011 640 studiosus
1043 613 1257 652 equorum.

244 658 384 698 Forma
416 660 498 697 viro
517 691 528 710 ‚
561 671 677 709 quam
710 661 868 711 cernis,
901 666 1010 698 erat.
1051 659 1140 698 licet
1172 661 1253 710 ipse
1282 659 1464 698 decorem

243 719 417 769 Aspicias
435 748 447 770 ,
478 718 644 768 {ictaque
677 718 818 769 probes
851 717 897 756 ab
930 719 1095 768 imagine
1127 730 1279 756 veram.

243 776 317 814 Par
349 777 502 814 animus
534 776 710 827 Iormae3
743 788 814 815 nec
847 776 973 815 adhuc
1005 782 1202 827 spectasse
1240 789 1310 828 per
1344 788 1465 814 annos

155 841 221 872 325
245 834 547 885 Quinquennem
578 841 731 886 poterat
763 834 876 873 Graia
908 842 1045 885 quater
1077 834 1186 874 Elide
1217 847 1406 886 pugnam.

246 893 310 931 llle
343 905 436 932 suos
469 893 632 944 dryadas
665 892 784 932 Latiis
816 895 855 932 in
887 892 1088 932 montibus
1120 899 1225 932 ortas

245 950 422 990 Verterat
453 952 493 990 in
526 951 656 990 vultus
675 983 685 1003 ,
718 951 826 990 illum
860 952 1016 990 fontana
1048 951 1233 1003 petebant

244 1009 411 1049 Numina
430 1041 440 1061 ‚
473 1010 656 1061 naiades,
692 1022 787 1060 quas
820 1009 985 1063 Albula,
1018 1021 1192 1061 quasque
1224 1009 1402 1063 Numici,

246 1068 350 1114 Quas
382 1069 542 1107 Anienis
574 1080 696 1119 aquae
716 1101 726 1120 ‚
759 1081 957 1119 cursuque
989 1068 1244 1108 brevissimus
1275 1069 1384 1107 Almo

157 1133 224 1164 330
245 1126 369 1165 Narve
402 1126 492 1165 tulit
523 1138 711 1177 praeceps
744 1134 783 1165 et
814 1138 956 1178 opacae
989 1126 1173 1166 Farfarus
1207 1127 1355 1179 undae,

246 1185 433 1236 Quaeque
466 1184 600 1224 colunt
633 1184 835 1236 Scythicae
868 1197 1034 1236 regnum
1066 1185 1261 1224 nemorale
1296 1185 1436 1224 Dianae

244 1243 529 1294 Finitimosque
560 1243 696 1282 lacus.
736 1245 879 1295 spretis
911 1250 1040 1283 tamen
1074 1243 1253 1282 omnibus
1288 1255 1403 1282 unam

245 1301 312 1341 llle
345 1301 439 1341 colit
469 1301 666 1353 nymphen
685 1334 696 1354 ,
729 1314 844 1353 quam
876 1302 1072 1353 quondam
1102 1304 1143 1341 in
1175 1302 1271 1341 colle
1304 1302 1423 1340 Palati

245 1360 398 1400 Dicitur
428 1361 598 1400 innocuo
630 1362 831 1412 peperisse
864 1360 1010 1399 Venilia
1041 1360 1154 1399 lano.

156 1424 224 1457 335
244 1418 348 1458 Haec
379 1418 449 1458 ubi
479 1418 679 1458 nubilibus
710 1420 882 1470 primuni
914 1421 1102 1458 maturuit
1133 1420 1266 1471 annis,

243 1477 473 1529 Praeposito
507 1479 659 1517 cunctis
691 1476 879 1517 Laurenti
911 1477 1052 1517 tradita
1082 1476 1175 1516 Pico
1208 1484 1290 1518 est:

245 1535 345 1576 Rara
379 1535 538 1586 quidem
569 1536 667 1575 facie
686 1567 697 1588 ‚
730 1536 798 1575 sed
830 1537 956 1575 rarior
988 1541 1071 1575 arte
1103 1536 1290 1589 canendi,

243 1594 354 1634 Unde
387 1593 540 1633 Canens
572 1594 675 1634 dicta
706 1601 792 1634 est.
832 1594 946 1633 silvas
978 1601 1018 1633 et
1049 1606 1139 1632 saxa
1169 1606 1326 1633 movere

246 1652 297 1692 Et
327 1652 501 1692 mulcere
534 1653 637 1692 seras
668 1658 707 1692 et
737 1652 897 1692 flumina
929 1653 1042 1703 longa
1073 1654 1218 1691 morari

157 1718 224 1749 340
246 1711 324 1751 Ore
357 1723 428 1750 suo
447 1743 459 1764 ‚
490 1711 748 1762 volucresque
780 1723 894 1761 vagas
921 1713 1091 1750 retinere
1125 1711 1296 1751 solebat.

245 1769 352 1816 Quae
385 1769 478 1809 dum
510 1770 677 1809 feminea
709 1770 930 1809 modulatur
963 1770 1134 1808 carmina
1165 1781 1284 1823 voce,

244 1827 403 1868 Exierat
433 1834 538 1868 tecto
570 1827 787 1868 Laurentes
818 1828 936 1867 Picus
967 1830 1007 1867 in
1039 1839 1176 1880 agros,

244 1886 451 1939 Indigenas
482 1887 633 1926 fixurus
666 1899 810 1939 apros3
843 1893 1075 1938 tergumque
1107 1885 1310 1938 premebat

247 1947 358 1985 Acris
390 1947 512 1999 equi,
542 1945 726 1997 laevaque
759 1945 912 1985 hastilia
942 1945 1033 1985 bina
1065 1944 1238 1997 serebat,

157 2011 224 2043 345
248 2003 481 2044 Poeniceam
513 2004 618 2044 fulvo
651 2004 891 2055 chlamydem
925 2010 1152 2044 contractus
1184 2002 1231 2042 ab
1259 2015 1378 2043 auro.

246 2061 413 2102 Venerat
442 2064 483 2102 in
516 2063 630 2102 silvas
663 2069 702 2102 et
733 2063 809 2102 tilia
842 2062 943 2102 Solis
976 2062 1155 2114 easdem,

245 2120 373 2172 thue
399 2133 517 2161 novas
548 2121 697 2173 legeret
728 2121 905 2160 secundis
938 2120 1101 2161 collibus
1132 2120 1298 2174 herbas,

244 2179 409 2219 Nomine
442 2179 545 2220 dicta
576 2191 647 2219 suo
679 2179 839 2220 Circaea
869 2179 1083 2231 reliquerat
1113 2190 1225 2219 arva.

246 2237 352 2284 Quae
386 2238 501 2278 simul
533 2250 578 2278 ac
609 2240 790 2278 iuvenem
808 2270 820 2292 ,
851 2238 1029 2290 virgultis
1061 2237 1218 2289 abdita,
1250 2236 1368 2290 vidit,

156 2304 225 2337 350
247 2296 472 2350 Obstipuit.
512 2296 691 2337 cecidere
723 2308 840 2338 manu
858 2329 870 2350 ‚
902 2309 999 2349 quas
1029 2296 1178 2349 legerat
1209 2295 1374 2336 herbas:

1116 2362 1183 2398 19⁸
