1538 2496
86 104 172 146 234
320 113 476 137 nemun
633 96 847 133 METAMM
860 123 869 132 .

203 213 414 252 Nominat.
453 216 513 249 est
543 210 660 249 etiam
691 206 868 247 diversae
899 207 1041 246 tertius
1073 208 1167 246 artis

202 271 446 322 Phantasos;
487 267 550 307 ille
588 268 629 305 in
666 265 831 305 humum
869 277 1084 316 saxumque
1116 264 1337 315 undamque

1173 323 1425 374 trabemque,

205 389 390 439 Quaeque
422 389 560 424 vacant
590 385 718 423 anima
750 382 940 423 fallaciter
972 383 1100 422 omnia
1132 383 1294 422 transit.

203 446 375 498 Regibus
407 444 447 483 hi
478 442 724 494 ducibusque
757 454 850 482 suos
882 441 1090 480 ostendere
1121 440 1252 480 vultus

116 514 183 546 645
205 505 327 544 Nocte
360 503 516 555 solent,
548 501 713 554 populos
746 501 810 540 alii
841 500 1075 552 plebemque
1105 505 1335 552 pererrant.

204 564 398 603 Praeterit
427 562 499 600 hos
531 562 692 613 senior,
725 561 959 611 cunctisque
992 571 1012 598 e
1045 557 1232 598 fratribus
1263 569 1388 597 unum

204 622 390 673 Morphea
408 652 419 674 ,
452 621 520 671 qui
550 624 710 671 peragat
741 617 1048 658 Thaumantidos
1081 617 1213 670 edita,
1246 616 1416 656 Somnus

204 681 350 732 Eligit:
382 685 422 718 et
454 691 593 718 rursus
626 677 732 717 molli
763 677 950 729 languore
983 676 1135 715 solutus

204 739 470 791 Deposuitque
504 742 620 789 caput
638 769 649 790 ,
681 741 883 787 stratoque
916 734 1136 774 recondidit
1168 733 1268 774 alto.

116 806 184 838 650
204 798 272 837 Ille
305 797 407 836 volat
438 796 565 835 nullos
598 796 787 847 strepitus
819 794 1053 833 facientibus
1085 793 1154 832 alis

204 855 507 908 Pertenebras,
533 856 716 906 intraque
742 865 873 892 morae
899 853 1017 892 breve
1044 858 1199 904 tempus
1225 853 1266 891 in
1291 850 1430 891 urbem

205 916 391 955 Pervenit
422 913 703 965 Haemoniam3
735 913 953 965 positisque
986 924 1007 951 e
1040 923 1205 962 corpore
1237 910 1378 963 pennis

205 974 248 1013 In
282 975 420 1013 faciem
453 972 588 1024 Ceycis
621 971 730 1024 abit,
762 976 996 1023 sumptaque
1028 970 1152 1021 figura
1271 978 1300 1004 t.
1320 976 1431 1004 clxvii.

206 1032 375 1072 Luridus
394 1063 405 1085 ,
438 1032 606 1070 exanimi
638 1030 775 1069 similis
795 1062 806 1083 ,
838 1031 923 1068 sine
956 1028 1129 1068 vestibus
1161 1027 1274 1081 ullis,

119 1099 186 1131 655
208 1091 394 1142 Coniugis
426 1096 514 1129 ante
548 1095 678 1129 torum
710 1090 876 1128 miserae
909 1089 1046 1127 stetit.
1084 1087 1160 1126 uda
1190 1086 1346 1126 videtur

205 1150 331 1189 Barba
362 1150 464 1201 viri,
496 1148 740 1199 madidisque
772 1148 899 1198 gravis
931 1146 1055 1185 ssuere
1087 1145 1190 1185 unda
1222 1145 1392 1197 capillis.

206 1209 307 1248 Tum
338 1207 439 1247 lecto
472 1206 735 1260 incumbens,
766 1206 861 1245 fletu
893 1217 1013 1256 super
1045 1216 1114 1244 ora
1144 1204 1303 1256 refuso,

206 1266 311 1306 Haec
343 1268 425 1306 ait:
457 1263 652 1317 ‘agnoscis
684 1265 838 1318 Ceyca,
869 1265 1090 1303 miserrima
1122 1260 1327 1302 coniunx?

207 1326 265 1365 An
298 1338 383 1364 mea
413 1330 561 1364 mutata
593 1329 655 1364 est
685 1325 804 1363 facies
836 1335 933 1362 nece
952 1320 974 1362 ‘?
1005 1315 1188 1374 respice&
1220 1333 1384 1375 nosces,

119 1385 466 1435 6601nveniesque
499 1389 567 1423 tuo
598 1395 670 1434 pro
703 1384 870 1434 coniuge
903 1382 1080 1432 coniugis
1111 1379 1314 1420 umbram.

206 1443 269 1482 Nil
301 1444 385 1494 opis
404 1473 415 1495 ,
446 1441 616 1493 Alcyone
635 1473 646 1494 ,
677 1441 790 1480 nobis
824 1446 889 1480 tua
921 1445 1010 1479 vota
1041 1439 1240 1479 tulerunt:

209 1501 462 1541 Occidimus.
501 1500 596 1539 falso
630 1500 700 1539 tibi
732 1512 794 1539 me
826 1500 1058 1551 promittere
1090 1498 1191 1537 noli.

207 1559 372 1599 Nubilus
403 1559 555 1610 Aegaeo
587 1558 795 1610 deprendit
824 1559 865 1596 in
897 1568 1067 1608 aequore
1098 1568 1237 1595 navem

207 1619 350 1658 Auster
368 1649 380 1671 ,
413 1623 452 1657 et
482 1619 633 1669 ingenti
663 1619 843 1656 iactatam
874 1616 1030 1654 flamine
1062 1614 1199 1654 solvit:

120 1686 188 1718 665
209 1677 365 1729 Oraque
397 1681 532 1716 nostra
550 1707 561 1728 ‚
592 1681 705 1714 tuum
736 1676 884 1714 frustra
916 1674 1117 1713 clamantia
1149 1685 1317 1726 nomen,

208 1736 427 1787 Implerunt
457 1734 601 1774 fluctus
622 1765 630 1773 .
668 1746 747 1773 non
779 1734 875 1772 haec
905 1732 978 1772 tibi
1009 1734 1164 1772 nuntiat
1194 1738 1330 1785 auctor

208 1794 425 1845 Ambiguus
444 1825 454 1845 ,
486 1805 565 1832 non
597 1794 671 1832 ista
702 1793 807 1844 vagis
839 1791 1232 1843 riimoribugaudis:

209 1853 297 1905 Ipse
329 1865 400 1904 ego
433 1852 509 1891 fata
541 1851 611 1891 tibi
641 1863 829 1903 praesens
860 1862 944 1889 mea
977 1850 1188 1901 naufragus
1221 1849 1316 1888 edo.

212 1911 361 1964 Surge,
393 1923 486 1963 age,
513 1910 560 1949 da
585 1910 788 1962 lacrimas,
819 1908 1079 1960 lugubriaque
1104 1908 1247 1960 indue,
1274 1919 1346 1947 nec
1373 1919 1433 1947 me

123 1978 191 2010 670
211 1969 502 2020 Indeploratum
534 1968 607 2008 sub
639 1970 768 2008 inania
799 1967 961 2007 Tartara
993 1969 1102 2006 mitte
1118 1964 1143 2006 .'

211 2027 338 2066 Adicit
368 2028 428 2067 his
460 2039 596 2067 vocem
627 2027 838 2078 Morpheus
856 2058 868 2079 ,
900 2038 1016 2077 quam
1048 2027 1226 2077 coniugis
1256 2025 1319 2065 illa

212 2085 401 2125 Crederet
433 2098 519 2125 esse
551 2087 641 2125 sui.
679 2085 795 2125 fletus
829 2097 986 2136 quoque
1018 2084 1184 2123 fundere
1216 2095 1329 2123 veros

213 2143 328 2182 Visus
361 2149 445 2183 erat
462 2175 473 2196 ,
505 2150 738 2195 gestumque
771 2156 908 2182 manus
942 2143 1077 2195 Ceycis
1108 2141 1296 2183 habebat.

211 2202 379 2253 Ingemit
409 2201 576 2253 Alcyone
608 2202 816 2241 lacrimans
834 2234 846 2255 ,
878 2207 1008 2241 movet
1038 2209 1154 2252 atque
1185 2201 1353 2240 lacertos

126 2268 192 2301 675
213 2260 289 2299 Per
321 2272 502 2299 somnum
522 2292 532 2312 ,
564 2273 786 2312 corpusque
818 2266 957 2312 petens
990 2260 1237 2312 amplectitur
1268 2271 1406 2313 auras3

213 2318 492 2370 Exclamatque
525 2315 682 2358 ‘manel
715 2331 792 2371 quo
825 2325 863 2358 te
895 2320 999 2371 rapis
1019 2316 1040 2358 ἱ)
1070 2318 1214 2358 ibimus
1245 2314 1362 2358 uua?
