1527 2580
545 129 652 173 XIII,
679 132 864 165 526—597
880 156 887 164 .
1032 142 1168 166 nucum
1306 130 1388 172 271

169 239 400 292 Expilatque
433 240 542 292 genis
569 239 703 279 oculos
722 271 733 292 ,
760 261 814 268 —
836 239 928 279 lacit
958 240 1015 278 ira
1047 239 1239 279 valentem
1264 262 1313 267 —

171 299 435 350 inmergitque
468 310 605 337 manus
624 329 635 350 ,
668 298 897 350 foedataque
929 299 1117 350 sanguine
1149 300 1252 337 sonti

171 357 257 397 Non
289 357 419 397 lumen
438 388 450 410 ,
477 378 530 384 —
552 368 680 407 neque
713 358 816 396 enim
848 362 1030 408 superest
1049 378 1103 384 —
1124 356 1206 396 loca

1051 415 1209 455 luminis
1241 415 1394 454 haurit.

86 483 151 514 565
174 474 289 514 Clade
323 475 383 514 sui
414 473 610 513 Thracum
642 486 738 525 gens
770 475 921 513 irritata
954 475 1107 525 tyranni

172 532 323 572 Troada
355 532 523 573 telorum
556 532 806 584 lapidumque
837 534 1035 572 incessere
1068 534 1172 572 iactu

173 590 338 643 Coepit.
376 597 415 630 at
447 591 541 630 haec
573 592 736 630 missum
770 602 887 630 rauco
915 603 1004 630 cum
1030 603 1232 630 murmure
1260 602 1394 630 saxum

172 649 367 688 Morsibus
387 651 632 702 insequitur,
652 651 833 700 rictuque
854 651 894 688 in
908 649 1024 688 verba
1038 655 1172 701 parato
1206 658 1232 685 f.
1253 656 1394 684 clxxvii!-

173 707 344 747 Latravit
361 739 372 760 ,
405 714 543 747 conata
575 707 710 759 loqui.
749 707 859 747 locus
891 714 1024 761 extat,
1057 714 1096 747 et
1127 720 1174 747 ex
1207 720 1250 747 re

86 774 153 806 570
174 766 324 806 Nomen
355 765 500 818 habet3
533 772 789 817 veterumque
821 766 887 806 diu
929 779 1078 806 memor
1110 766 1172 806 illa
1205 766 1395 805 malorum

173 825 273 864 Tum
307 837 464 876 quoque
497 824 695 864 Sithonios
728 824 889 864 ululavit
920 831 1066 864 maesta
1098 837 1168 876 per
1200 836 1336 876 agros.

174 883 281 923 lllius
313 883 514 934 Troasque
547 895 639 922 suos
670 883 884 934 hostesque
915 883 1122 935 Pelasgos,

174 942 280 981 lilius
313 942 468 981 fortuna
501 942 594 981 deos
628 954 782 993 quoque
815 947 990 981 moverat
1021 954 1180 994 omnes3

176 1000 240 1040 Sic
272 1012 407 1039 omnes
426 1032 437 1052 ,
469 1006 513 1040 ut
544 1006 583 1039 et
613 1001 694 1051 ipsa
727 1000 828 1039 Iovis
860 1002 1109 1051 coniunxque
1141 1012 1332 1051 sororque

87 1065 153 1097 575
173 1058 346 1098 Eventus
378 1058 578 1098 Hecubam
611 1059 801 1098 meruisse
834 1060 1034 1110 negaverit
1064 1058 1173 1098 illos.

233 1117 319 1156 Non
339 1123 447 1156 vacat
465 1117 638 1156 Aurorae
658 1149 669 1169 ‚
696 1129 930 1168 quamquam
950 1117 1073 1156 Isdem
1094 1117 1240 1156 faverat
1261 1119 1398 1169 armis,

176 1174 359 1215 Cladibus
391 1181 430 1214 et
462 1187 552 1214 casu
585 1175 803 1226 Troiaeque
836 1175 1097 1226 Hecubaeque
1129 1177 1299 1214 moveri.

177 1233 279 1273 Cura
312 1234 422 1273 deam
454 1235 614 1285 propior
646 1233 854 1285 luctusque
887 1233 1126 1273 domesticus
1158 1235 1265 1285 angit

176 1292 393 1332 Memnonis
426 1293 586 1345 amissi,
617 1291 797 1343 Phrygiis
830 1304 945 1343 quem
977 1292 1081 1331 lutea
1113 1293 1259 1344 campis

90 1357 156 1390 580
177 1350 280 1390 Vidit
310 1350 482 1390 Achillea
514 1357 746 1402 pereuntem
778 1351 938 1402 cuspide
971 1356 1119 1403 mater;

177 1408 310 1461 Vidit,
344 1415 383 1449 et
413 1409 477 1451 ille
510 1409 646 1462 color,
678 1421 754 1460 quo
787 1410 976 1448 matutina
1008 1408 1225 1448 rubescunt

177 1467 400 1520 Tempora,
431 1467 650 1520 palluerat,
683 1467 872 1518 latuitque
905 1469 946 1506 in
971 1466 1142 1506 nubibus
1175 1467 1309 1507 aether

177 1526 226 1564 At
257 1538 335 1565 non
366 1527 557 1578 inpositos
589 1527 783 1577 supremis
815 1525 971 1577 ignibus
1003 1531 1111 1565 artus

179 1583 376 1623 Sustinuit
408 1590 586 1636 spectare
619 1596 761 1636 parens
779 1616 790 1637 ‚
822 1584 891 1623 sed
923 1585 1032 1623 crine
1064 1584 1216 1636 soluto,

91 1649 157 1682 585
179 1642 291 1682 Sicut
321 1648 434 1695 erat,
465 1644 594 1694 magni
625 1642 790 1693 genibus
823 1642 1083 1693 procumbere
1115 1655 1193 1681 non
1226 1649 1285 1682 est

179 1700 392 1752 Dedignata
425 1700 554 1753 lovis,
586 1700 835 1751 lacrimisque
868 1700 937 1739 has
969 1700 1112 1739 addere
1144 1712 1284 1739 voces:

180 1756 387 1798 ‘Omnibus
419 1759 582 1798 inferior
601 1790 612 1811 ‚
645 1771 740 1809 quas
773 1760 942 1797 sustinet
974 1770 1117 1798 aureus
1150 1758 1314 1811 aether,
1348 1780 1398 1788 —·

179 1816 275 1856 Nam
308 1817 403 1856 mihi
434 1823 527 1856 sunt
559 1822 682 1856 totum
709 1818 906 1856 rarissima
933 1816 1074 1868 templa
1100 1829 1170 1868 per
1191 1816 1325 1856 orbem
1348 1838 1397 1846 —-

180 1875 274 1915 Diva
306 1881 435 1915 tamen
468 1877 609 1914 venio:
642 1887 720 1914 non
753 1881 796 1914 ut
827 1874 989 1914 delubra
1021 1875 1182 1926 diesque

94 1942 160 1974 590
180 1933 256 1974 Des
288 1934 382 1973 mihi
414 1934 611 1973 sacrificos
638 1933 899 1985 caliturasque
931 1933 1087 1985 ignibus
1119 1945 1227 1972 aras.

181 1992 222 2032 Si
255 1997 384 2032 tamen
416 1993 579 2044 aspicias
598 2024 609 2045 ‚
642 1998 829 2043 quantum
862 1991 933 2031 tibi
965 1992 1107 2030 semina
1138 1997 1333 2043 praestem

180 2050 281 2090 Tum
313 2063 401 2090 cum
434 2051 522 2090 luce
553 2063 651 2090 nova
683 2052 808 2090 noetis
840 2050 1006 2089 confinia
1038 2062 1175 2102 servo,

181 2108 358 2148 Praemia
390 2109 514 2148 danda
539 2115 654 2161 putes
675 2140 682 2148 .
722 2109 790 2147 sed
818 2120 895 2147 non
922 2121 966 2148 ea
993 2120 1086 2148 cura
1112 2120 1240 2160 neque
1260 2108 1324 2148 hic
1345 2116 1403 2148 est

182 2167 295 2207 Nunc
327 2172 451 2207 status
483 2167 656 2206 Aurorae
675 2199 685 2219 ‚
719 2169 879 2206 meritos
912 2173 955 2207 ut
985 2172 1121 2218 poscat
1151 2166 1344 2206 honores.

96 2233 161 2265 595
182 2225 400 2265 Memnonis
433 2225 526 2265 orba
559 2227 635 2266 mei
667 2227 779 2265 venio
798 2257 809 2278 ,
842 2227 908 2277 qui
940 2225 1055 2264 sortia
1087 2226 1234 2265 frustra

182 2283 258 2323 Pro
289 2290 429 2336 patruo
462 2284 551 2323 tulit
583 2296 688 2323 arma
720 2296 790 2323 suo
809 2315 820 2336 ,
852 2285 1067 2336 primisque
1099 2283 1172 2323 sub
1205 2285 1316 2322 annis

182 2341 334 2382 Occidit
365 2355 386 2382 a
418 2343 510 2383 forti
543 2364 596 2371 —
630 2344 686 2382 sic
718 2355 784 2382 vos
811 2342 986 2382 voluistis
1019 2364 1073 2371 -
1106 2342 1276 2381 Achille.
