1527 2580
563 144 612 179 111
628 172 636 188 ,
663 148 847 181 581—653
863 174 870 181 .
1026 158 1175 180 acor-:ras
1333 147 1386 188 (33

170 253 253 293 Hoc
285 253 425 306 probat
444 253 667 293 Alcimedon
688 287 698 306 ‚
730 261 769 294 et
789 256 855 306 qui
876 256 1129 307 requiemque
1151 256 1384 308 modumque

169 311 270 352 Voce
303 311 417 351 dabat
448 314 566 351 remis
585 344 596 365 ,
628 315 845 353 animorum
877 313 1053 353 hortator
1084 313 1290 365 Epopeus3

83 379 150 410 620
171 370 252 410 Hoc
284 382 419 410 omnes
452 370 538 409 alii:
571 371 735 423 praedae
770 378 846 411 tam
880 384 993 411 caeca
1025 372 1165 424 cupido
1200 379 1279 411 est.

170 427 285 468 “Non
319 435 446 469 tamen
479 429 578 468 hanc
611 441 721 468 sacro
754 430 887 469 violari
920 430 1092 482 pondere
1124 432 1258 482 pinum

169 487 371 539 Perpetiar
390 484 414 540 3'
448 488 525 526 dixi
560 485 664 539 ‘pars
690 487 753 527 hic
785 488 878 527 mihi
911 490 1074 528 maxima
1105 490 1202 528 iuris
1219 486 1258 527 .''

169 546 290 598 Inque
323 546 428 585 aditu
461 545 636 585 obsisto.
675 547 769 585 furit
802 547 1081 586 audacissimus
1107 549 1211 586 omni

170 604 224 644 De
257 616 420 643 numero
453 603 624 656 Lycabas
643 636 654 657 ,
687 606 753 655 qui
785 604 912 644 Tusca
945 605 1080 657 pulsus
1106 605 1152 644 ab
1186 605 1281 645 urbe

82 671 148 702 625
169 662 338 702 Exilium
369 663 451 702 dira
483 675 647 714 poenam
678 675 750 714 pro
782 663 900 702 caede
931 663 1083 703 luebat.

168 721 205 760 Is
237 721 360 773 mihi,
396 721 488 760 dum
521 727 626 761 resto
646 753 656 773 ,
688 721 855 761 iuvenali
887 727 1044 773 guttura
1076 734 1205 774 pugno

169 779 317 832 Rupit,
349 785 388 819 et
420 792 628 819 excussum
660 781 832 820 misisset
862 782 900 819 in
934 792 1102 831 aequora
1122 812 1132 832 ,
1165 782 1196 820 si
1230 793 1306 820 non

171 838 392 877 {laesissem
412 870 423 890 ,
456 840 630 890 quamvis
663 850 824 891 amens,
856 840 894 878 in
928 839 1019 878 sune
1053 845 1254 878 retentus.

170 897 290 948 Impia
322 896 435 936 turba
456 897 596 948 probat
616 897 760 936 sactum
781 929 789 936 .
823 903 905 936 tum
931 897 1099 948 denique
1121 897 1319 950 Bacchus,
1335 919 1387 926 —

82 963 150 995 630
170 954 347 994 Bacchus
379 956 483 994 enim
516 955 643 994 suerat
675 976 729 982 —
763 954 882 994 veluti
915 955 1083 995 clamore
1116 955 1267 994 solutus

171 1013 231 1053 Sit
261 1025 408 1065 sopor,
441 1025 539 1064 aque
572 1025 680 1052 mero
714 1013 877 1052 redeant
907 1015 946 1052 in
978 1019 1137 1064 pectora
1163 1025 1326 1066 sensuS,

171 1069 305 1117 “Quid
326 1072 452 1110 facitis
466 1069 487 1110 ‘?
507 1073 594 1122 quis
616 1071 761 1110 clamor
775 1068 812 1111 ‘?’
833 1073 885 1111 ait
896 1103 908 1124 ‚
929 1068 1044 1124 ‘qua‚
1065 1072 1182 1110 dicite
1195 1104 1205 1124 ‚
1227 1078 1388 1124 nautae,

169 1129 255 1169 Huc
287 1142 359 1182 ope
386 1127 586 1181 perveni?
619 1142 695 1180 quo
728 1142 789 1169 me
822 1129 976 1169 deferre
1008 1131 1153 1181 paratis
1167 1127 1220 1168 ⁸?''

171 1186 308 1227 “Pone
341 1195 488 1227 metum
507 1184 534 1240 ,⁹
566 1187 737 1227 Proreus
771 1185 826 1227 ‘et
863 1200 961 1239 quos
993 1189 1221 1239 contingere
1253 1195 1389 1240 portus

83 1255 149 1287 635
170 1247 251 1286 Ede
284 1246 378 1286 velis
398 1244 422 1286 :'
455 1247 552 1285 dixit
584 1244 704 1285 ‘terra
737 1248 876 1285 sistere
908 1247 1028 1298 petita
1043 1243 1084 1285 .''

171 1301 353 1344 “Naxon'
387 1306 440 1344 ait
470 1303 587 1343 Liber
620 1302 776 1344 ‘cursus
808 1304 996 1343 advertite
1029 1310 1203 1344 vestros.

171 1364 237 1403 Illa
269 1362 362 1402 mihi
395 1362 533 1402 domus
566 1368 654 1403 est:
685 1362 795 1402 vobis
829 1364 903 1402 erit
934 1363 1086 1414 hospita
1118 1362 1233 1402 tellus
1248 1360 1288 1402 .’'

170 1422 246 1462 Per
278 1433 383 1461 mare
416 1421 570 1461 fallaces
601 1433 750 1473 perque
783 1423 910 1460 omnia
943 1422 1101 1460 numina
1133 1423 1263 1460 iurant

171 1480 236 1520 Sic
267 1480 351 1519 fore
369 1511 381 1533 ‚
413 1491 552 1531 meque
585 1479 722 1519 iubent
752 1481 878 1531 pictae
910 1479 1002 1519 dare
1036 1478 1118 1518 vela
1149 1481 1325 1518 carinae.

84 1548 152 1579 640
172 1539 337 1578 Dextera
369 1537 497 1578 Naxos
529 1543 641 1577 erat:
672 1538 808 1577 dextra
841 1537 934 1577 mihi
965 1537 1082 1577 lintea
1116 1537 1221 1576 danti

172 1594 305 1643 “Quid
338 1597 432 1636 facis
450 1628 461 1649 ,
493 1609 516 1635 o
548 1596 709 1635 demens
729 1594 750 1635 9
782 1597 869 1648 quis
902 1601 940 1636 te
973 1597 1140 1635 furor—
1161 1592 1213 1635 ‘⁸³⁹'
1247 1597 1373 1647 inquit

971 1654 1180 1706 Opheltes3

174 1714 268 1764 [Pro
289 1727 330 1753 se
351 1715 541 1766 quisque,
566 1711 722 1753 ‘tenet‘P
753 1713 898 1752 laevam
918 1718 1008 1765 pete
1022 1709 1063 1752 .''
1084 1714 1247 1751 maxima
1273 1711 1389 1763 nutu]

173 1773 267 1812 Pars
289 1772 382 1812 mihi
403 1772 595 1824 significat
613 1804 623 1824 ‚
655 1784 745 1823 pars
764 1803 774 1824 ,
808 1771 898 1822 quid
921 1771 1013 1810 velit
1030 1802 1041 1822 ,
1073 1782 1167 1809 aure
1189 1777 1389 1810 susurrat.

173 1830 384 1883 Obstipui,
416 1828 587 1882 “capiat'
620 1842 697 1881 que
730 1827 884 1880 ‘aliquis
916 1824 1212 1869 moderamina''
1244 1828 1322 1868 dixi

87 1897 154 1929 645
174 1889 314 1941 Meque
346 1890 564 1929 ministerio
597 1888 836 1939 scelerisque
869 1889 1044 1938 artisque
1076 1888 1244 1926 removi.

173 1947 360 2000 Increpor
391 1959 411 1987 a
443 1947 595 1987 cunctis
615 1979 625 1999 ,
659 1952 861 1997 totumque
892 1947 1154 1985 inmurmurat
1184 1957 1343 1996 agmen.

174 2005 204 2045 Ε
236 2006 380 2057 quibus
411 2005 612 2045 Aethalion
646 2002 716 2044 “te
749 2004 899 2044 scilicet
929 2005 1056 2043 omnis
1086 2005 1126 2043 in
1159 2015 1236 2043 uno

174 2063 314 2103 Nostra
346 2064 449 2103 salus
468 2065 593 2116 posita
627 2069 686 2102 est
705 2059 746 2102 !'’
777 2064 859 2115 ait,
891 2068 931 2101 et
956 2061 1062 2102 subit
1079 2063 1163 2114 ipse
1183 2073 1390 2113 meumque

174 2122 314 2175 Explet
344 2135 442 2174 opus
461 2155 472 2174 ,
503 2122 689 2173 Naxoque
721 2122 818 2173 petit
849 2120 1001 2160 diversa
1033 2119 1193 2159 relicta.

86 2189 153 2220 650
174 2181 273 2221 Tum
306 2181 402 2220 deus
434 2180 601 2220 illudens
620 2212 631 2232 ‚
663 2186 858 2231 tamquam
891 2178 1005 2218 modo
1026 2178 1195 2230 denique
1216 2177 1390 2218 fraudem

175 2239 379 2292 Senserit,
411 2251 430 2278 e
464 2240 584 2291 puppi
615 2244 779 2290 pontum
810 2242 1036 2290 prospectat
1066 2236 1215 2276 adunca

174 2297 222 2337 Et
254 2297 361 2337 ilenti
393 2297 530 2337 similis
557 2293 667 2336 “non
699 2296 794 2336 haec
826 2296 921 2336 mihi
952 2296 1096 2349 litora,
1128 2300 1292 2346 nautae,

173 2355 411 2396 promisistis
432 2353 457 2408 ,'
489 2357 571 2408 ait,
603 2352 695 2394 ‘non
728 2355 822 2394 haec
854 2354 948 2394 mihi
981 2360 1085 2394 terra
1117 2358 1248 2404 rogata
1280 2356 1361 2391 est.
