1527 2580
537 125 593 171 x,
618 129 803 163 289-362
819 154 827 163 .
984 138 1124 162 naam
1269 127 1356 170 205

135 238 318 289 Quasque
352 237 499 276 creavit
527 237 602 276 init
631 236 803 288 pecudes
836 249 981 291 caper;
1012 239 1204 290 ipsaque,
1242 239 1354 277 cuius

134 297 291 336 Semine
323 301 512 347 concepta
542 301 632 348 est,
664 307 711 334 ex
743 295 807 335 illo
840 297 1011 348 concipit
1042 296 1144 336 ales.

133 355 282 394 Felices
300 386 312 408 ,
344 354 486 406 quibus
516 355 590 393 ista
622 353 768 393 licent!
800 355 968 394 humana
1000 355 1185 406 malignas

45 422 114 454 330
135 413 237 454 Cura
268 413 376 452 dedit
406 412 543 465 leges,
575 419 615 452 et
646 412 749 464 quod
782 419 920 453 natura
952 415 1140 466 remittit,

133 472 266 512 Invida
297 473 383 511 iura
415 477 586 523 negant.
625 477 761 523 gentes
793 478 923 512 tamen
956 484 1042 512 esse
1074 473 1281 523 feruntur,

134 531 178 570 ln
211 530 355 582 quibus
388 536 428 570 et
458 536 548 570 nato
580 531 758 581 genetrix
791 536 831 570 et
863 537 951 570 nata
982 532 1135 583 parenti

134 589 344 642 Iungitur,
376 595 416 628 et
445 590 570 641 pietas
602 590 796 640 geminato
829 592 972 629 crescit
1004 601 1158 629 amore.

134 648 194 687 Me
226 649 439 700 miseram,
471 646 575 699 quod
609 659 687 686 non
719 649 827 687 nasci
859 648 954 687 mihi
987 650 1150 699 contigit
1181 647 1283 699 illic,

49 714 115 747 835
137 706 389 758 Fortunaque
422 705 496 746 loci
528 705 689 745 laedor!
726 728 776 734 —
811 707 904 758 quid
937 708 976 746 in
1008 708 1082 746 ista
1113 703 1325 745 revolvor?

136 765 235 817 Spes
266 764 500 805 interdictae
533 764 752 804 discedite!
785 765 926 816 dignus
958 767 1080 805 amari

135 823 203 863 Ille
222 855 233 876 ,
265 823 334 863 sed
366 829 410 863 ut
440 829 581 876 pater,
613 829 673 862 est
705 844 760 851 —-
793 835 886 875 ergo
919 825 952 863 si
983 824 1060 863 filia
1091 825 1220 875 magni

135 882 222 921 Non
254 893 382 922 essem
414 881 578 933 Cinyrae
597 912 608 933 ,
640 881 804 933 Cinyrae
837 882 1100 921 concumbere
1131 893 1307 935 possem.

136 940 249 981 Nunc
281 941 371 992 quia
403 946 482 979 tam
514 951 625 979 meus
658 945 747 992 est,
779 952 858 979 non
890 946 951 980 est
981 953 1092 980 meus
1111 972 1122 993 ‚
1152 942 1314 992 ipsaque

1220 999 1360 1038 damno

50 1067 117 1099 840
136 1058 208 1098 Est
238 1057 334 1097 mihi
363 1059 622 1110 proximitas:
654 1057 777 1097 aliena
809 1059 1008 1110 potentior
1041 1069 1191 1098 essem.

137 1117 199 1157 Ire
230 1116 326 1156 libet
355 1116 493 1168 procul
524 1116 616 1156 hinc
647 1118 875 1168 patriaeque
908 1117 1132 1168 relinquere
1164 1117 1286 1168 fines,

137 1175 239 1215 Dum
267 1174 396 1214 scelus
428 1176 638 1226 effugiam.
677 1177 823 1214 retinet
853 1175 978 1214 malus
1009 1175 1126 1214 ardor
1145 1180 1362 1214 amantem:

137 1233 189 1274 Ut
207 1245 394 1286 praesens
415 1240 589 1285 spectem
610 1232 815 1286 Cinyram,
840 1239 1073 1285 tangamque
1087 1265 1098 1285 ,
1123 1233 1363 1285 loquarque,

139 1292 361 1344 Osculaque
392 1291 647 1344 admoveam,
680 1294 712 1331 si
744 1292 798 1331 nil
830 1291 1060 1331 conceditur
1092 1292 1194 1331 ultra
1226 1313 1280 1320 —

54 1359 120 1391 345
139 1350 251 1391 Ultra
283 1356 350 1390 aut
381 1356 605 1402 respectare
638 1350 784 1402 aliquid
816 1356 928 1402 potes
947 1382 958 1403 ‚
990 1351 1108 1402 impia
1138 1348 1282 1401 virgo?

140 1409 191 1449 Et
223 1414 320 1461 quot
350 1408 567 1449 confundas
600 1414 640 1448 et
670 1411 756 1448 iura
789 1415 828 1448 et
859 1411 1045 1461 nomina,
1078 1406 1235 1448 sentis?

140 1468 253 1508 'i'une
285 1468 364 1507 eris
395 1473 436 1507 et
466 1469 602 1506 matris
633 1467 769 1519 paelex
802 1473 841 1506 et
871 1467 1047 1506 adultera
1078 1464 1236 1518 patris?

140 1527 253 1566 Tune
285 1537 398 1565 soror
429 1527 510 1565 nati
541 1527 798 1577 genetrixque
830 1525 1020 1565 vocabere
1052 1522 1220 1564 fratris?

142 1585 223 1625 Nec
254 1590 408 1625 metues
439 1590 524 1624 atro
558 1585 719 1624 crinitas
751 1596 876 1636 angue
909 1596 1091 1637 sorores,

54 1651 123 1685 850
143 1644 249 1691 Quas
280 1643 431 1683 facibus
463 1644 587 1682 saevis
619 1643 754 1682 oculos
786 1648 904 1694 atque
936 1655 1003 1681 ora
1028 1647 1209 1694 petentes

142 1702 266 1742 Noxia
297 1702 414 1741 corda
446 1698 619 1740 vident?
650 1706 689 1740 at
721 1707 762 1740 tu
781 1733 792 1754 ‚
824 1701 918 1740 dum
950 1712 1116 1752 corpore
1148 1711 1227 1739 non
1259 1711 1301 1738 es

143 1761 261 1801 Passa
293 1760 402 1799 nefas
420 1791 433 1812 ,
464 1760 592 1798 animo
624 1771 674 1798 ne
707 1760 869 1810 concipe
888 1791 899 1812 ,
931 1771 1028 1798 neve
1059 1759 1232 1810 potentis

144 1818 365 1859 Concubitu
396 1820 516 1857 vetito
548 1823 711 1857 naturae
744 1817 874 1869 pollue
906 1816 1067 1856 foedus.

144 1877 251 1917 Velle
282 1883 375 1930 puta
393 1908 405 1930 ‚
436 1888 501 1916 res
531 1877 616 1928 ipsa
647 1881 778 1916 vetat.
816 1877 905 1927 pius
937 1875 1001 1915 ille
1019 1907 1031 1929 ‚
1062 1886 1291 1926 memorque

57 1943 125 1976 ³55
144 1936 264 1976 Moris
296 1957 351 1964 —
384 1941 424 1975 et
454 1947 476 1974 0
507 1934 648 1974 vellem
680 1934 817 1974 similis
849 1935 961 1973 furor
993 1939 1098 1973 esset
1128 1935 1169 1972 in
1200 1929 1321 1972 illo!’'

145 1994 305 2034 Dixerat
323 2025 332 2033 .
370 2000 410 2033 at
440 1992 602 2045 Cinyras
620 2025 632 2046 ‚
664 2005 782 2045 quem
814 1993 925 2044 copia
957 1992 1072 2044 digna
1103 2003 1339 2044 procorum,

146 2051 249 2099 Quid
281 2053 396 2091 faciat
413 2084 424 2104 ‚
455 2051 635 2091 dubitare
668 2052 789 2104 facit,
822 2052 987 2090 scitatur
1018 2050 1065 2090 ab
1097 2051 1204 2104 ipsa,

145 2110 378 2150 Nominibus
409 2109 525 2149 dictis
542 2141 554 2163 ‚
586 2112 700 2150 cuius
731 2109 823 2149 velit
854 2121 941 2148 esse
973 2110 1127 2148 mariti.

145 2169 213 2209 Illa
244 2169 334 2209 silet
364 2170 521 2221 primo:
551 2170 767 2220 patriisque
798 2170 839 2207 in
870 2167 1042 2207 vultibus
1072 2167 1240 2207 haerens

59 2236 128 2269 860
147 2229 338 2281 Aestuat,
369 2233 409 2266 et
439 2226 571 2279 tepido
604 2227 794 2266 suffundit
824 2226 971 2266 lumina
1001 2238 1116 2266 rore.

145 2286 319 2338 Virginei
345 2285 506 2337 Cinyras
538 2285 634 2325 haec
666 2285 832 2325 credens
864 2297 951 2325 esse
982 2286 1157 2338 timoris,

146 2344 260 2385 Flere
291 2350 425 2397 vetat,
455 2346 655 2397 siccatque
686 2356 805 2397 genas
823 2376 835 2398 ,
866 2350 982 2396 atque
1014 2343 1149 2383 oscula
1178 2343 1327 2394 iungit.
