1527 2580
571 137 599 170 v
620 164 628 180 ‚
655 140 864 172 356-429.
1043 150 1152 172 cnse
1329 136 1384 177 99

162 246 342 298 Dumque
374 245 540 298 puellari
571 246 700 286 studio
733 245 982 298 calathosque
1015 248 1220 297 sinumque

163 304 303 357 Implet
319 337 332 358 ,
363 312 403 344 et
427 304 610 355 aequales
642 311 766 344 certat
796 317 984 357 superare
1015 305 1204 357 legendo,

73 371 142 403 395
162 363 293 403 Paene
323 363 439 402 simul
471 365 551 402 visa
583 369 643 402 est
674 362 891 414 dilectaque
918 369 1107 416 raptaque
1138 362 1238 402 Diti:

164 421 295 473 Usque
327 420 422 460 adeo
455 427 516 461 est
545 428 778 473 properatus
811 435 946 461 amor.
984 422 1055 461 dea
1082 423 1218 461 territa
1238 427 1383 460 maesto

162 479 214 519 Et
242 485 409 519 matrem
440 487 480 520 et
510 482 672 519 comites
691 512 703 532 ,
734 480 803 519 sed
835 487 1000 520 matrem
1031 482 1186 532 saepius
1205 512 1216 533 ,
1248 492 1316 519 ore

164 538 340 591 Clamat3
372 544 412 578 et
442 545 486 578 ut
517 550 667 577 summa
699 545 846 578 vestem
877 539 1040 581 laniarat
1069 538 1116 578 ab
1149 551 1239 591 ora,

164 596 327 636 Collecti
357 596 475 636 nores
500 598 644 636 tunicis
677 596 854 636 cecidere
887 598 1084 636 remissis.

74 664 144 695 400
163 655 366 706 Tantaque
398 655 626 707 simplicitas
656 655 874 706 puerilibus
907 657 1015 695 affuit
1046 658 1179 707 annis,

163 713 268 753 Haec
300 725 457 765 quoque
490 715 708 765 virgineum
739 716 858 753 movit
890 715 1038 753 iactura
1071 714 1267 753 dolorem.

164 772 311 824 Raptor
343 774 421 823 agit
452 784 593 812 currus
612 804 624 825 ,
656 779 694 811 et
725 774 882 811 nomine
916 785 1110 824 quemque
1143 780 1296 811 vocatos

163 829 404 870 Exhortatur
437 842 559 882 equos
584 863 594 882 ,
627 843 795 882 quorum
826 843 896 882 per
929 831 1025 870 colla
1056 830 1244 882 iubasque

164 888 323 928 Excutit
353 888 520 928 obseura
554 891 694 928 tinctas
726 890 925 940 ferrugine
958 889 1151 941 habenas;

75 955 143 987 405
170 948 324 998 Perque
356 947 465 986 lacus
496 959 627 986 sacros
661 954 699 986 et
730 948 872 986 olentia
904 948 1065 999 sulpure
1097 948 1222 986 fertur

165 1006 307 1057 Stagna
338 1005 588 1059 Palicorum,
618 1012 734 1057 rupta
766 1006 955 1045 ferventia
986 1012 1115 1058 terra,

163 1064 212 1102 Et
245 1076 321 1115 qua
351 1063 618 1117 Bacchiadae,
650 1064 790 1103 bimari
815 1077 911 1116 gens
943 1070 1027 1103 orta
1060 1063 1269 1116 Corintho,

164 1123 270 1162 inter
301 1122 524 1173 inaequales
555 1129 775 1174 posuerunt
806 1125 958 1162 moenia
990 1130 1150 1174 portus.

222 1180 295 1220 Est
324 1181 498 1220 medium
530 1180 678 1232 Cyanes
710 1187 750 1220 et
774 1181 933 1220 Pisaeae
964 1181 1205 1233 Arethusae,

74 1248 143 1280 410
164 1239 276 1285 Quod
309 1240 388 1278 coit
419 1241 594 1290 angustis
625 1239 821 1279 inclusum
853 1238 1038 1279 cornibus
1070 1251 1239 1291 aequor.

162 1298 235 1337 Hic
266 1298 340 1337 suit
356 1329 369 1350 ,
400 1310 421 1336 a
447 1300 559 1337 cuius
579 1304 760 1349 stagnum
780 1310 936 1349 quoque
957 1300 1113 1337 nomine
1135 1298 1283 1337 dictum
1304 1306 1386 1350 est,

159 1357 271 1396 {nter
304 1355 490 1395 Sicelidas
524 1356 651 1407 Cyane
684 1356 938 1396 celeberrima
970 1357 1180 1408 nymphaS.

164 1415 325 1466 Gurgite
359 1427 458 1466 quae
490 1414 617 1453 medio
650 1427 800 1454 summa
832 1421 947 1454 tenus
981 1417 1109 1454 extitit
1139 1416 1247 1467 alvo,

162 1475 406 1525 Agnovitque
439 1473 579 1513 deam.
623 1471 743 1513 “‘uec
774 1474 929 1525 longius
962 1473 1066 1512 ibitis
1086 1471 1111 1513 l'
1144 1475 1270 1524 inquit

74 1540 143 1572 415
165 1529 266 1572 ‘Non
297 1537 410 1584 potes
442 1533 584 1571 invitae
619 1531 773 1571 Cereris
806 1544 926 1583 gener
958 1544 1074 1571 esse:
1105 1532 1298 1583 roganda,

162 1590 249 1630 Non
281 1591 466 1642 rapienda
498 1591 572 1630 fuit
591 1622 599 1629 .
638 1591 778 1642 quodsi
810 1603 1046 1642 componere
1079 1592 1228 1642 magnis

164 1649 286 1689 Parva
319 1649 413 1688 mihi
441 1650 495 1688 ras
528 1655 617 1701 est,
648 1655 688 1688 et
718 1662 780 1688 me
813 1649 948 1688 dilexit
978 1649 1145 1701 Anapis;

163 1707 330 1747 Exorata
365 1714 493 1747 tamen
512 1740 523 1759 ‚
554 1719 628 1747 nec
647 1740 657 1759 ,
690 1714 732 1747 ut
763 1707 888 1760 haec,
920 1709 1106 1746 exterrita
1140 1704 1325 1758 nupsi.''’

164 1765 296 1819 Dixit,
327 1773 366 1806 et
397 1768 436 1805 in
469 1772 600 1817 partes
633 1766 805 1805 diversas
832 1766 1012 1805 bracchia
1045 1766 1209 1804 tendens

75 1833 144 1865 420
165 1824 354 1864 Obstitit.
387 1824 489 1864 haud
523 1824 624 1864 ultra
657 1826 782 1864 tenuit
815 1824 1022 1863 Saturnius
1054 1825 1175 1875 iram,

163 1883 456 1935 Terribilesque
490 1883 668 1922 hortatus
701 1895 821 1933 equos
855 1885 893 1922 in
925 1884 1091 1933 gurgitis
1124 1884 1197 1921 ima

164 1942 396 1982 Contortum
429 1942 551 1981 valido
584 1949 784 1993 sceptrum
817 1941 944 1991 regale
977 1941 1121 1979 lacerto

164 2000 373 2040 Condidit.
411 2002 486 2040 icta
519 2002 616 2039 viam
649 1999 762 2038 tellus
794 2001 833 2038 in
866 1999 1026 2038 Tartara
1059 2000 1151 2038 fecit

163 2058 212 2098 Et
245 2070 389 2110 pronos
421 2071 562 2098 currus
588 2058 715 2097 medio
750 2063 899 2097 cratere
933 2059 1104 2108 recepit.

73 2126 141 2156 425
163 2121 210 2156 At
237 2117 363 2169 Cyane
395 2123 623 2168 raptamque
656 2116 766 2155 deam
800 2122 1099 2167 contemptaque
1132 2116 1250 2154 fontis

164 2176 253 2215 lura
285 2177 346 2215 sui
379 2187 587 2228 maerens,
619 2174 896 2214 inconsolabile
930 2174 1069 2214 vulnus
1256 2184 1281 2207 f·
1302 2183 1382 2208 1vii1v

163 2234 292 2274 Mente
325 2236 426 2285 gerit
459 2235 602 2287 tacita,
634 2233 883 2284 lacrimisque
916 2233 1134 2273 absumitur
1165 2235 1314 2272 omnis:

163 2292 213 2332 Et
245 2304 412 2344 quarum
444 2294 572 2331 suerat
601 2304 786 2343 magnum
817 2292 932 2331 modo
966 2304 1140 2344 numen,
1172 2294 1210 2330 in
1246 2291 1325 2329 illas

160 2350 407 2392 Extenuatur
439 2363 586 2404 aquas.
627 2351 768 2391 molliri
800 2350 972 2390 membra
1008 2351 1179 2404 videres,

1057 2421 1101 2451 74
