1527 2580
623 162 710 198 XIII
724 190 734 208 ,
761 165 946 198 743—815
961 191 969 198 .
1103 174 1250 198 crcnors
1384 161 1469 204 277

241 273 388 326 Collis3
426 280 639 324 utrumque
673 274 774 313 latus
806 273 1045 313 circumfluit
1076 274 1257 324 aequoris
1291 273 1416 312 unda.

152 339 222 373 780
240 332 327 372 Huc
359 333 467 372 ferus
499 332 676 371 ascendit
707 332 872 384 Cyclops
892 364 903 384 ‚
934 332 1166 383 mediusque
1197 331 1374 383 resedit3

240 390 455 443 Lanigerae
487 391 660 442 pecudes
692 390 798 430 nullo
833 392 1002 430 ducente
1034 396 1216 430 secutae.

241 449 314 489 Cui
344 456 553 502 postquam
585 451 702 501 pinus
721 482 732 501 ‚
764 449 892 489 baculi
925 461 1024 501 quae
1056 449 1238 501 praebuit
1264 460 1403 501 usum,

239 510 340 548 Ante
372 508 493 560 pedes
525 510 651 559 posita
684 514 773 560 est,
805 510 999 547 antemnis
1031 515 1119 560 apta
1152 508 1348 559 serendis,

242 566 486 619 Sumptaque
517 567 804 606 harundinibus
830 574 1031 619 compacta
1058 573 1118 606 est
1140 566 1269 606 fistula
1289 572 1472 620 centum,

154 632 220 664 785
242 625 463 664 Senserunt
496 627 567 664 toti
599 627 768 677 pastoria
803 625 914 665 sibila
946 632 1125 678 montes,

241 684 463 724 Senserunt
495 684 651 724 undae.
690 685 846 723 latitans
879 697 950 735 ego
984 697 1082 736 rupe
1115 686 1271 735 meique

239 743 372 782 Acidis
402 744 443 781 in
475 744 625 794 gremio
658 743 837 782 residens
869 743 1008 794 procul
1040 743 1202 782 auribus
1235 743 1346 782 hausi

241 801 350 840 Talia
381 800 482 840 dicta
516 803 613 840 meis
645 802 855 852 auditaque
886 801 1005 840 verba
1036 803 1190 842 notavi:

241 857 485 899 “Candidior
517 859 608 898 solio
641 861 772 912 nivei,
805 860 990 913 Galatea,
1021 861 1202 911 ligustri,

153 926 221 958 ‘190
240 918 435 958 Floridior
465 920 588 970 pratis
606 950 619 971 ,
649 919 763 970 longa
794 920 998 970 procerior
1030 919 1143 972 alno,

242 976 494 1029 Splendidior
524 979 624 1016 vitro
644 1009 655 1030 ‚
687 984 824 1016 tenero
857 977 1037 1017 lascivior
1068 977 1225 1031 haedo,

241 1035 383 1075 Levior
415 1035 574 1075 assiduo
607 1035 763 1075 detritis
795 1048 967 1087 aequore
999 1036 1185 1089 conchis,

242 1093 401 1134 Solibus
432 1094 609 1133 hibernis
626 1096 815 1147 Jaestiva
848 1096 997 1146 gratior
1028 1094 1191 1146 umbra,

241 1152 420 1192 Nobilior
451 1153 576 1191 forma
608 1165 652 1192 ac
684 1153 839 1204 platano
873 1155 1122 1205 conspectior
1154 1153 1253 1207 alta,

154 1218 221 1251 795
242 1211 428 1250 Lucidior
458 1211 580 1263 glacie
599 1243 611 1263 ‚
642 1218 795 1250 matura
821 1211 974 1251 dulcior
1005 1224 1102 1264 uva,

243 1269 397 1310 Mollior
429 1276 469 1309 et
500 1271 615 1321 cygni
645 1270 788 1321 plumis
821 1277 861 1309 et
891 1270 991 1309 lacte
1024 1277 1184 1323 coacto,

241 1328 321 1381 Et,
352 1329 387 1368 si
417 1340 497 1367 non
528 1329 654 1379 fugias
672 1360 684 1381 ,
715 1330 829 1380 riguo
861 1329 1073 1368 formosior
1103 1329 1244 1370 horto:

244 1387 404 1426 Saevior
434 1386 635 1427 indomitis
666 1387 803 1427 eadem
835 1387 990 1427 Galatea
1020 1389 1224 1440 iuvencis,

243 1445 388 1485 Durior
419 1457 566 1485 annosa
596 1458 746 1498 quercu
766 1478 778 1499 ,
809 1446 982 1485 fallacior
1015 1446 1156 1498 undis,

155 1511 223 1544 800
242 1503 404 1543 Lentior
436 1511 476 1543 et
506 1504 634 1544 salicis
665 1506 785 1555 virgis
816 1511 857 1543 et
886 1504 1031 1544 vitibus
1063 1504 1185 1557 albis,

242 1562 313 1602 His
344 1562 570 1602 inmobilior
601 1563 774 1615 scopulis
794 1595 806 1616 ‚
836 1562 1045 1602 violentior
1077 1575 1215 1617 amne,

243 1621 418 1661 Laudato
448 1634 599 1673 pavone
631 1621 841 1673 superbior
859 1653 871 1675 ,
903 1624 1031 1661 acrior
1063 1623 1168 1674 igni,

243 1681 432 1731 Asperior
463 1680 619 1719 tribulis
638 1712 649 1732 ,
675 1681 753 1719 feta
784 1680 1048 1720 truculentior
1079 1692 1197 1732 ursa,

246 1738 413 1777 Surdior
444 1738 713 1791 aequoribus,
745 1739 892 1778 calcato
923 1740 1099 1778 inmitior
1130 1738 1279 1792 hydro,

155 1803 224 1837 805
244 1796 323 1849 Et,
354 1796 459 1848 quod
470 1798 703 1863 ⁸praecipue
734 1797 874 1836 vellem
905 1796 977 1836 tibi
1008 1797 1166 1836 demere
1198 1809 1380 1852 possem,

243 1855 331 1895 Non
364 1861 517 1895 tantum
549 1868 664 1895 cervo
697 1855 812 1895 claris
843 1856 1048 1895 latratibus
1080 1862 1190 1909 acto,

244 1913 391 1953 Verum
422 1915 540 1954 etiam
570 1916 697 1954 ventis
728 1914 957 1965 volucrique
990 1915 1166 1966 fugacior
1197 1915 1315 1956 aurai

243 1975 294 2012 At
323 1973 424 2012 bene
456 1975 490 2012 si
520 1974 658 2026 noris,
689 1975 820 2025 pigeat
850 1973 997 2024 fugisse
1015 2005 1027 2026 ‚
1058 1985 1266 2025 morasque

244 2031 332 2082 Ipsa
362 2037 450 2071 tuas
481 2032 641 2071 damnes
674 2039 714 2071 et
744 2044 806 2071 me
838 2033 1014 2071 retinere
1044 2031 1222 2072 labores.

157 2097 226 2130 810
248 2089 350 2129 Sunt
380 2090 475 2130 mihi
493 2123 504 2142 ‚
535 2103 626 2142 pars
658 2092 830 2142 montis,
861 2092 946 2129 vivo
978 2090 1189 2142 pendentia
1221 2103 1313 2131 saxo

243 2150 366 2188 Antra
384 2181 396 2201 ,
428 2148 571 2200 quibus
602 2161 676 2188 nec
708 2149 766 2188 sol
797 2148 925 2188 medio
958 2151 1128 2189 sentitur
1159 2151 1200 2189 in
1232 2157 1367 2203 aestu,

244 2206 327 2246 Nec
359 2210 528 2247 sentitur
558 2207 685 2247 hiems
706 2239 715 2247 .
752 2214 846 2247 sunt
875 2219 990 2260 poma
1021 2210 1218 2259 gravantia
1248 2221 1402 2262 ramos3

247 2265 348 2305 Sunt
380 2278 475 2305 auro
508 2266 657 2305 similes
689 2266 817 2317 longis
848 2268 889 2306 in
920 2266 1066 2306 vitibus
1098 2279 1219 2321 uvae,

246 2325 348 2363 Sunt
380 2331 419 2363 et
448 2337 703 2377 purpureae:
735 2325 806 2364 tibi
839 2332 878 2365 et
908 2325 977 2364 has
1009 2338 1210 2365 servamus
1243 2333 1282 2365 et
1312 2325 1418 2366 illas.

157 2389 225 2423 815
244 2382 332 2436 Ipsa
363 2384 441 2423 tuis
473 2383 654 2424 manibus
686 2383 858 2424 silvestri
888 2392 977 2424 nata
1009 2384 1082 2424 sub
1116 2383 1254 2423 umbra
