1518 2501
99 88 216 126 XXIV

101 203 153 239 cet
184 211 289 238 eru-m
320 197 359 234 M
392 200 425 235 et
455 198 575 234 cetera
606 193 771 241 (caetera
804 192 857 240 E)
896 195 987 231 nota
1018 192 1163 240 pudori
1199 191 1278 231 LE.
1335 191 1440 232 eius-

101 259 188 296 dem
220 255 537 305 interpolationis
574 264 735 290 manum
772 262 998 300 cognoscas.
1048 251 1244 289 medelam
1274 250 1439 289 adhibui

100 316 276 364 eandem,
309 326 427 363 quam
458 321 493 351 11
513 313 619 360 40ος
650 322 777 360 neque
802 309 929 360 video,
961 309 1055 359 quid
1084 309 1127 346 in
1150 309 1439 358 particularum

101 373 420 423 frequentissima
445 369 693 420 copulatione
719 369 911 417 culpetur.
1033 364 1117 405 741
1145 375 1272 406 MALE
1296 375 1438 407 VICTA

102 441 189 470 ΒΕΑ
222 440 316 470 EST.
379 430 434 468 sic
465 428 627 477 propius
660 427 861 476 aliquanto
895 426 945 465 ad
977 426 1217 475 scripturam
1246 426 1306 476 M,
1343 438 1439 464 nam

99 491 131 528 L
163 489 508 538 interpolationem
546 487 717 535 orditur,
759 485 942 524 accedere
973 485 1185 535 temptavi,
1224 484 1440 523 secundum

98 549 234 587 Amor.
266 556 300 585 11
326 548 350 585 5
391 548 441 584 12
489 543 563 583 Cui
596 546 744 593 petitur
782 546 882 582 victa
916 544 1056 591 palma
1099 546 1256 582 eruenta
1291 554 1362 582 rea
1399 545 1441 582 et

99 615 186 646 xm
207 607 260 644 58
292 606 392 643 male
423 604 602 649 convieti;
637 617 673 641 v.
695 604 778 641 397
808 602 901 641 Una
931 613 971 641 se
999 603 1099 640 male
1128 605 1262 641 mater.
1353 598 1438 640 837

100 671 367 710 SILVAMQUE
413 670 550 712 PET03
595 668 864 707 VICTORQUE
905 668 1186 699 PERERRANS.
1247 661 1442 708 {Uictorque

97 736 166 772 per
196 723 332 761 herbas
361 721 467 759 libri.
516 722 634 759 vietor
664 722 770 758 recte
803 719 1042 768 explicatum
1073 720 1123 757 ab
1148 719 1346 768 Hauptio:
1379 720 1442 757 est

99 783 156 821 ita
186 789 272 820 vm
292 780 376 819 445
410 782 499 818 nato
517 780 666 818 victore.
716 786 764 816 1v
785 779 870 816 510
900 777 965 816 Sic
990 779 1137 816 victrix.
1188 777 1258 816 sed
1287 777 1443 827 reliqua

99 840 236 879 eodem
260 839 344 877 fere
369 838 536 876 artificio
562 837 744 886 explicat,
770 849 794 874 a
819 849 894 885 quo
921 835 1290 874 commentariolum
1309 847 1442 874 occoe-

99 900 225 948 perat.
256 897 376 935 latuit
392 897 629 945 corruptela.
660 895 915 943 intemperies
934 895 1081 943 ubique
1101 894 1273 933 occurrit
1287 894 1442 933 scribae

99 957 140 994 M
170 955 427 1006 praefigentis
460 957 530 993 aut
559 954 802 992 infercientis
829 953 854 991 h
877 953 1073 991 litteram:
1107 965 1207 1003 quae
1232 953 1440 992 barbaries

100 1027 187 1053 cum
218 1016 291 1053 hoc
321 1014 406 1053 loco
438 1025 573 1052 omnes
604 1013 728 1051 libros
758 1012 998 1061 pervaserit,
1036 1024 1084 1050 ex
1121 1012 1339 1061 archetypo
1370 1011 1441 1049 ali-

100 1086 176 1123 quo
216 1073 360 1111 tradux
404 1074 586 1121 apparet:
631 1073 674 1109 at
710 1079 758 1109 XI
786 1071 868 1109 645
906 1070 1073 1118 populos
1116 1071 1186 1109 alii
1219 1071 1443 1118 plebemque

96 1134 314 1180 pererrant,
353 1131 460 1168 solus
492 1130 534 1167 M
563 1130 721 1178 populis
752 1129 821 1167 alii
850 1129 1027 1176 plebiqwe
1048 1139 1125 1176 per
1154 1128 1322 1167 herbam.
1383 1129 1442 1169 in-

99 1190 267 1239 telleges
288 1185 395 1238 ‘post
413 1188 666 1227 venationem
692 1187 813 1226 silvas
838 1198 1062 1237 pererrans,
1085 1183 1340 1237 pervagans'.

100 1248 354 1287 Coniecturae
386 1247 517 1295 recepi
543 1247 642 1285 duas
669 1258 692 1284 a
710 1246 759 1283 N.
779 1245 983 1295 Madvigio
1009 1245 1246 1296 publicatas,
1273 1246 1315 1284 in
1340 1258 1440 1295 quas

100 1308 141 1345 et
183 1307 268 1356 ipse
310 1305 542 1354 incideram,
590 1305 670 1343 195
716 1306 757 1342 et
800 1304 901 1354 559,
946 1303 994 1342 de
1037 1305 1252 1353 posteriori
1294 1304 1439 1344 dubius

101 1365 316 1404 etiamnum
352 1365 516 1413 propter
546 1362 723 1401 Lucretii
758 1363 888 1401 locum
926 1363 975 1400 ab
1007 1362 1185 1412 Hauptio
1222 1363 1442 1402 indicatum

101 1425 141 1462 et
161 1423 279 1462 Dura
304 1424 399 1461 cutis
429 1430 515 1460 vm
536 1422 638 1471 8033
670 1422 841 1459 alterum
872 1423 1006 1459 tamen
1037 1423 1099 1460 est
1129 1429 1216 1460 vm
1235 1423 1320 1460 413
1353 1422 1440 1460 415

101 1490 150 1519 lx
171 1482 224 1519 83
269 1481 438 1519 VI1191
484 1481 633 1518 x184.
695 1479 798 1518 Salv.
837 1479 992 1531 Roessii
1034 1481 1075 1518 et
1114 1479 1305 1520 Gronovii
1348 1483 1443 1519 sunt

101 1539 393 1578 emendationes
431 1539 515 1576 435
557 1539 652 1577 764.
713 1538 746 1575 E
785 1538 958 1576 fortasse
1000 1538 1148 1577 rectius
1190 1539 1233 1576 in
1273 1539 1443 1589 vulgata

101 1598 298 1646 scriptura
330 1598 535 1635 secuturus
567 1609 676 1635 eram
701 1598 754 1635 47
789 1598 830 1634 et
862 1598 929 1646 76,
960 1597 1030 1635 ubi
1061 1597 1166 1647 quod
1197 1597 1299 1648 dedi,
1329 1598 1372 1636 in
1398 1597 1441 1636 M

101 1659 162 1695 est
192 1656 382 1694 correctio
414 1656 583 1705 primae,
614 1657 730 1705 puto,
767 1667 907 1694 manus
940 1668 987 1693 ex
1016 1656 1219 1695 recederat.
1281 1657 1442 1695 secutus

102 1727 187 1752 sum
218 1714 250 1751 E
284 1714 428 1752 solum:
462 1715 515 1752 82
550 1715 688 1764 lentus,
727 1713 799 1752 sub
831 1726 972 1752 rasura
1003 1714 1108 1764 quod
1139 1714 1279 1753 adosse
1309 1716 1442 1754 visum

104 1774 183 1810 152
227 1774 306 1811 177
346 1772 388 1809 in
417 1772 640 1822 proecdosi,
678 1772 783 1822 quod
824 1773 948 1811 abieci
978 1774 1143 1822 propter
1173 1786 1210 1812 v.
1232 1774 1314 1812 215
1357 1774 1438 1812 181

103 1831 185 1868 205
219 1830 400 1869 volebam
431 1832 659 1874 tremiscere,
692 1833 737 1869 ut
767 1830 807 1868 M
840 1832 922 1870 637
969 1832 1052 1870 298
1084 1831 1257 1870 fortasse
1287 1843 1378 1870 cum
1407 1832 1442 1870 L

101 1883 161 1940 (M
193 1900 218 1926 a
248 1884 393 1939 limine)
433 1890 516 1927 304
556 1890 638 1928 305
678 1901 766 1927 cum
804 1890 956 1939 aliquot
981 1889 1112 1929 Prisc.
1144 1891 1248 1940 3083
1283 1902 1378 1929 nam
1407 1890 1443 1929 L

102 1946 259 1985 videtur
283 1947 430 1984 habere
460 1951 635 1996 royantes
667 1949 751 1986 384
783 1948 829 1986 ut
853 1948 895 1986 M
919 1960 995 1987 ma.
1015 1960 1090 1988 sec.
1118 1949 1202 1988 395
1235 1950 1323 1988 410
1354 1949 1442 1988 413

102 2000 274 2056 (adirax,
303 2005 351 2042 ut
376 2005 495 2043 etiam
520 2001 580 2058 M)
612 2007 696 2045 417
730 2007 814 2045 422
848 2018 937 2045 cum
965 2006 997 2044 L
1029 2002 1135 2060 (ΜΡ)
1168 2007 1252 2046 439
1286 2007 1443 2047 eleusim

102 2058 207 2113 (440
238 2064 338 2101 senis
369 2063 451 2101 Erf.
484 2060 604 2117 alter)
636 2066 719 2104 469
755 2063 898 2112 (senos)
930 2066 1036 2116 486,
1075 2066 1185 2104 cuius
1218 2067 1442 2116 scripturae

103 2121 346 2170 glossemata
394 2121 435 2159 in
487 2122 561 2160 ML
607 2124 690 2162 506
739 2126 878 2173 sceptri
924 2137 996 2174 pro
1047 2125 1188 2175 gloss„
1236 2136 1316 2163 non
1357 2137 1444 2162 var.

102 2190 176 2217 scr.
208 2179 433 2228 adpositum
466 2181 548 2219 509
582 2193 664 2220 var.
696 2194 769 2221 scr.
802 2184 887 2222 520
942 2184 1025 2221 576
1082 2184 1164 2222 577
1217 2184 1301 2222 580
1357 2183 1443 2221 589

102 2237 202 2280 tulit,
242 2239 289 2275 ut
325 2240 439 2287 put03
484 2241 589 2277 certe
628 2240 668 2278 M
706 2253 729 2278 a
765 2242 895 2291 prima
930 2253 1051 2280 manu
1088 2253 1210 2290 supra
1250 2241 1442 2291 scriptum

104 2295 184 2333 689
243 2297 325 2333 710
381 2297 461 2334 731
519 2298 600 2336 736
634 2310 723 2336 oum
753 2299 785 2337 L
817 2295 877 2351 (M
907 2299 1191 2348 Servorieubiq‚·
1225 2294 1296 2353 est)
1357 2301 1440 2339 739
