1527 2580
552 109 606 154 X,
634 113 841 145 507-579.
886 122 1034 145 anoms.
1061 122 1241 145 ΔτΑιΔΝτε
1291 111 1374 152 211

152 220 304 274 Possit,
336 219 486 272 Adoni,
519 227 673 272 monet,
707 217 866 259 “sortis'
899 232 974 271 que
1008 218 1226 271 ‘fugacibus
1253 227 1336 260 esto
1351 218 1376 259 ε’

153 279 284 330 lnquit
315 275 370 318 ‘in
402 277 569 318 audaces
601 290 679 317 non
712 285 773 317 est
804 278 962 318 audacia
994 284 1099 318 tuta.

64 345 132 378 545
152 338 274 377 Parce
306 349 392 377 meo
411 368 424 390 ,
454 338 606 376 iuvenis
625 369 635 389 ‚
668 339 899 376 temerarius
932 349 1017 377 esse
1050 337 1221 389 peric103

151 396 256 436 Neve
288 397 391 435 feras
409 427 421 448 ,
453 395 595 446 quibus
629 407 733 434 arma
766 395 874 434 dedit
905 402 1044 435 natura
1063 428 1073 448 ,
1106 396 1277 448 lacesse,

153 455 240 494 Stet
270 454 365 494 mihi
396 466 445 493 ne
477 466 616 505 magno
649 462 714 494 tua
748 454 898 505 gloria.
937 467 1015 494 non
1047 460 1177 494 movet
1207 460 1312 494 aetas

152 513 233 553 Nec
265 514 384 553 facies
415 525 489 552 nec
522 525 620 564 quae
652 511 843 551 Venerem
876 525 1062 566 movere,
1093 513 1227 552 leones

154 572 456 623 Saetigerosque
488 583 578 610 sues
598 603 609 623 ,
641 571 855 622 oculosque
888 573 1115 623 animosque
1148 573 1343 611 serarum.

65 638 132 671 550
152 630 314 670 Fulmen
347 629 492 669 habent
523 642 633 669 acres
665 632 705 669 in
737 630 899 669 aduncis
931 629 1115 670 dentibus
1148 632 1255 682 apri:

153 689 326 741 Impetus
358 694 419 728 est
450 688 564 728 fulvis
597 695 636 728 et
667 695 773 728 vasta
805 688 984 728 leonibus
1016 691 1097 741 ira3

152 748 403 799 Invisumque
436 747 531 786 mihi
563 759 686 799 genus
719 754 780 786 est
799 744 839 786 .''
879 760 977 799 quae
1011 759 1156 800 causa,
1188 748 1341 798 roganti

154 803 318 846 “Dicam
337 803 363 858 ‚'
400 807 453 845 ait
485 802 540 845 ‘et
571 807 714 845 veteris
741 812 962 845 monstrum
994 805 1187 845 mirabere
1220 806 1379 857 culpae.

155 865 231 904 Sed
263 864 372 904 labor
403 864 585 904 insolitus
617 866 693 903 iam
724 876 785 903 me
818 864 1002 917 lassavit,
1035 871 1075 904 et
1105 876 1196 903 ecce

67 931 134 963 555
157 923 387 975 Opportuna
419 935 488 962 sua
520 922 718 962 blanditur
749 923 917 974 populus
950 922 1111 975 umbra,

154 982 305 1033 Datque
333 988 463 1020 torum
490 992 680 1033 caespes:
711 981 806 1020 libet
837 980 909 1020 hac
934 983 1185 1032 requiescere
1219 978 1380 1020 tecum''

154 1040 204 1080 Et
234 1041 429 1092 requievit
459 1039 578 1079 humo
597 1071 608 1092 ‚
639 1042 862 1091 pressitque
895 1046 935 1078 et
966 1052 1126 1091 gramen
1158 1046 1198 1079 et
1228 1041 1381 1092 ipsum,

154 1099 278 1150 Inque
310 1100 399 1138 sinu
431 1099 582 1137 iuvenis
614 1100 741 1149 posita
773 1099 924 1137 cervice
957 1098 1115 1137 reclinis

156 1157 220 1196 Sic
252 1158 334 1209 ait,
365 1169 410 1196 ac
441 1157 580 1195 mediis
611 1158 815 1195 interserit
845 1156 978 1195 oscula
1009 1156 1162 1196 verbis.

67 1224 134 1256 560
156 1213 368 1254 “Forsitan
400 1214 572 1254 audieris
605 1215 772 1265 aliquam
805 1216 1018 1253 certamine
1051 1227 1191 1254 cursus

155 1274 317 1313 veloces
350 1285 558 1325 superasse
590 1275 723 1312 viros.
765 1285 843 1312 non
876 1273 1002 1312 sabula
1035 1286 1171 1312 rumor

155 1332 222 1372 lli*
254 1333 358 1384 fuit3
391 1331 601 1383 superabat
633 1333 764 1370 enim.
807 1344 880 1371 nec
912 1331 1042 1371 dicere
1074 1344 1234 1384 posses,

155 1391 285 1431 Laude
317 1390 491 1443 pedum,
523 1391 722 1429 formaene
754 1390 857 1429 bono
888 1392 1150 1441 praestantior
1182 1397 1308 1430 esset.

158 1449 322 1489 Scitanti
354 1449 452 1488 deus
483 1448 575 1488 huic
607 1449 655 1487 (le
688 1450 852 1500 coniuge
886 1445 1115 1500 “‘coniuge’
1148 1449 1245 1488 dixit

68 1517 136 1549 566
157 1505 234 1548 ‘Nil
265 1519 365 1560 opus
397 1512 486 1560 est,
517 1506 723 1560 Atalanta,
755 1507 826 1546 tibi
845 1539 854 1547 .
893 1508 983 1559 fuge
1016 1509 1193 1560 coniugis
1225 1520 1361 1548 usum.

156 1567 237 1606 Nec
267 1572 398 1606 tamen
430 1566 621 1618 effugies,
654 1572 771 1620 teque
802 1568 887 1618 ipsa
918 1568 1002 1605 viva
1034 1566 1186 1606 carebis
1201 1563 1257 1605 .'''

155 1625 311 1665 Territa
342 1631 449 1664 sorte
481 1624 544 1663 dei
575 1636 646 1676 per
679 1637 819 1676 opacas
850 1624 998 1664 innuba
1030 1625 1144 1664 silvas

155 1683 286 1736 vivit,
317 1690 357 1722 et
386 1684 598 1722 instantem
631 1682 785 1722 turbam
816 1683 984 1722 violenta
1015 1695 1226 1735 procorum

157 1742 395 1782 Condicione
426 1742 562 1794 rugat,
593 1753 667 1780 nec
699 1738 834 1780 “‘sum
865 1742 1053 1793 potiunda
1072 1774 1083 1794 ‚
1115 1740 1205 1781 nisi'
1238 1744 1367 1794 inquit

69 1809 138 1842 570
159 1798 282 1840 ‘Victa
314 1801 423 1852 prius
456 1812 605 1840 cursu.
643 1799 810 1851 pedibus
842 1800 1066 1840 contendite
1098 1813 1276 1841 mecum:

155 1860 333 1900 Praemia
364 1858 488 1898 veloci
520 1860 690 1897 coniunx
722 1858 957 1909 thalamique
990 1858 1212 1912 dabuntur-3

156 1918 261 1957 Mors
292 1918 463 1970 pretium
496 1917 616 1956 tardis
636 1948 645 1957 .
684 1929 728 1956 ea
760 1916 820 1956 lex
854 1918 1078 1956 certaminis
1111 1923 1218 1957 esto.

155 1976 223 2016 Illa
254 1976 413 2027 quidem
444 1977 621 2015 inmitis:
653 1975 723 2014 sed
755 1981 860 2014 tanta
891 1978 1065 2027 potentia
1097 1976 1243 2016 formae
1276 1983 1360 2030 est,

156 2034 271 2074 Venit
301 2034 348 2074 ad
379 2034 480 2073 hanc
511 2035 637 2086 legem
668 2036 875 2074 temeraria
908 2034 1022 2073 turba
1052 2047 1286 2086 procorum.

69 2101 136 2134 5⁷5
159 2093 323 2133 Sederat
353 2092 618 2144 Hippomenes
650 2105 791 2132 cursus
823 2099 1019 2144 spectator
1052 2095 1200 2148 iniqui,

156 2151 207 2191 Et
237 2148 433 2204 “‘petitur
464 2153 647 2202 cuiquam
681 2164 753 2202 per
784 2157 890 2191 tanta
921 2151 1095 2203 pericula
1127 2155 1297 2192 coniunx
1313 2149 1380 2193 ⁴?”’

157 2210 345 2263 Dixerat,
376 2222 420 2249 ac
453 2211 594 2249 nimios
625 2211 811 2249 iuvenum
844 2210 1044 2250 damnarat
1075 2223 1250 2251 amores,

158 2268 208 2308 Ut
239 2270 376 2309 faciem
409 2274 448 2308 et
478 2270 604 2320 posito
638 2280 782 2321 corpus
814 2269 1001 2309 velamine
1034 2269 1152 2323 vidit,

158 2327 279 2375 Quale
311 2339 472 2380 meum,
504 2327 563 2366 vel
596 2327 708 2379 quale
740 2333 851 2368 tuum
869 2360 882 2382 ‚
913 2329 947 2368 si
978 2329 1121 2368 femina
1153 2329 1246 2382 fias,

1030 2395 1098 2430 14⁸

1223 1914 1268 1934 ”2
