1527 2580
576 79 659 114 XIV
676 107 686 124 ‚
711 83 896 115 205—277
913 108 920 116 .
1076 93 1175 116 cutes
1331 81 1415 123 289

144 213 150 218 ·
196 188 370 241 Effugit.
409 190 549 228 amissa
580 190 777 228 sociorum
809 196 917 241 parte
952 189 1126 230 dolentes

195 247 393 299 Multaque
426 249 632 298 conquesti
663 250 782 287 terris
814 248 1017 288 allabimur
1048 249 1147 300 illis,

197 305 302 351 Quas
333 305 472 357 procul
503 306 593 345 hinc
626 307 755 345 cernis
782 337 790 345 .
828 306 966 357 procul
993 313 1081 360 est,
1112 307 1205 346 milii
1238 307 1378 359 crede,

1252 366 1416 406 videnda

107 430 175 462 245
196 422 325 463 Insula
344 455 355 475 ‚
387 424 467 462 visa
499 423 624 462 mihi:
656 429 776 474 tuque
796 455 808 476 ‚
840 435 862 462 o
894 423 1107 463 iustissime
1139 424 1310 477 Troum,

195 481 292 521 Nate
325 481 426 534 dea,
458 503 514 510 —
546 493 674 532 neque
706 483 810 520 enim
843 482 951 521 finito
983 482 1105 522 Marte
1137 482 1334 522 vocandus

195 539 328 579 Hostis
360 551 432 592 es,
463 540 622 592 Aenea,
655 561 710 567 —
743 552 882 579 moneo
902 572 912 592 ,
946 542 1034 592 suge
1067 541 1180 580 litora
1213 541 1367 581 Circes.

194 597 273 637 Nos
300 609 457 650 quoque
489 597 650 638 Circaeo
683 598 843 649 religata
875 600 914 637 in
946 598 1059 638 litore
1091 602 1210 651 pinu,

193 656 424 708 Antiphatae
457 668 652 696 memores
683 658 997 708 inmansuetique
1032 657 1232 710 Cyclopis,

107 715 256 755 2501re
288 714 526 767 negabamus
545 747 556 766 ‚
588 715 656 754 sed
689 721 790 755 tecta
822 717 952 766 ignota
985 716 1117 755 subire

194 773 310 813 Sorte
342 785 478 814 sumus
511 773 631 825 lecti;
663 785 749 813 sors
781 785 843 813 me
875 774 1073 824 fidumque
1106 775 1257 814 Politen

194 831 538 884 Eurylochumque
571 832 686 871 simul
718 834 959 883 nimiumque
991 832 1183 884 Elpenora
1210 835 1298 872 vino

193 890 337 942 Bisque
369 902 509 930 novem
541 892 669 930 socios
702 889 859 930 Circaea
892 891 937 930 ad
971 893 1122 930 moenia
1155 893 1280 931 misit.

194 949 301 995 Quae
334 948 449 989 simul
482 950 711 1001 attigimus,
744 951 1002 1000 stetimusque
1035 952 1074 988 in
1106 950 1237 989 limine
1269 952 1386 1003 tecti,

107 1016 172 1048 255
192 1007 295 1047 Mille
326 1007 409 1059 lupi
441 1009 663 1058 mixtaeque
695 1007 796 1059 lupis
828 1019 1023 1058 ursaeque
1055 1008 1215 1059 leaeque

195 1067 374 1105 Occursu
406 1066 535 1105 secere
568 1072 717 1105 metum
737 1097 746 1105 .
785 1066 853 1105 sed
886 1066 990 1105 nulla
1022 1067 1216 1119 timenda,

192 1124 384 1176 Nullaque
416 1130 501 1163 erat
530 1130 666 1164 nostro
699 1125 849 1164 factura
881 1126 920 1164 in
953 1137 1117 1176 corpore
1150 1126 1314 1166 vulnus:

193 1183 298 1230 Quin
329 1184 445 1222 etiam
477 1182 636 1222 blandas
669 1195 824 1222 movere
856 1195 927 1235 per
959 1187 1050 1223 aera
1080 1184 1246 1236 caudas,

192 1241 412 1293 Nostraque
445 1241 647 1281 adulantes
680 1243 867 1281 comitant
897 1243 1058 1293 vestigia
1078 1274 1088 1294 ‚
1121 1243 1245 1282 donec

109 1308 173 1341 260
193 1300 405 1352 Excipiunt
434 1300 598 1339 famulae
619 1331 630 1352 ‚
660 1312 809 1352 perque
843 1302 938 1339 atria
971 1313 1163 1339 marmore
1196 1307 1297 1340 tecta

192 1358 249 1398 Ad
281 1359 478 1398 dominam
509 1359 687 1398 ducunt.
725 1359 889 1410 pulchro
922 1359 1032 1398 sedet
1063 1359 1126 1398 illa
1160 1371 1343 1411 recessu,

194 1417 360 1456 Sublimi
391 1417 488 1456 solio
507 1449 518 1469 ,
550 1417 768 1468 pallamque
800 1417 935 1457 induta
967 1419 1157 1456 nitentem

194 1476 358 1528 Insuper
390 1482 525 1515 aurato
557 1476 858 1515 circumvelatur
890 1477 1056 1515 amictu.

192 1534 381 1574 Nereides
413 1534 682 1586 nymphaeque
716 1534 831 1573 simul
850 1566 861 1586 7
893 1546 991 1585 quae
1024 1534 1165 1574 vellera
1198 1537 1314 1575 motis

107 1601 172 1632 265
193 1592 305 1632 Nulla
336 1592 499 1632 trahunt
529 1593 660 1643 digitis
692 1604 764 1632 nec
796 1592 858 1631 fila
890 1595 1093 1644 sequentia
1125 1593 1297 1633 ducunt:

193 1651 375 1690 Gramina
407 1650 650 1703 disponunt,
682 1663 919 1702 sparsosque
951 1653 1036 1690 sine
1068 1652 1205 1691 ordine
1238 1652 1353 1692 flores

184 1709 415 1753 Secernunt
445 1709 606 1748 calathis
639 1711 840 1760 variasque
873 1708 1070 1749 coloribus
1102 1709 1266 1749 herbas.

191 1768 277 1820 Ipsa
304 1767 408 1819 quod
440 1767 511 1807 hae
545 1768 693 1807 faciunt
718 1779 816 1819 opus
835 1799 845 1819 ‚
878 1769 1024 1820 exigit3
1055 1769 1167 1820 ipsa,
1200 1771 1286 1820 quis
1318 1782 1415 1809 usus

192 1827 357 1878 Quoque
389 1828 441 1866 sit
472 1828 511 1866 in
543 1826 633 1865 solio
653 1858 664 1879 ‚
695 1838 793 1877 quae
827 1828 878 1865 sit
908 1826 1116 1865 concordia
1148 1829 1301 1880 mixtis,

103 1893 172 1926 270
191 1885 308 1925 Novit
338 1891 378 1924 et
409 1884 615 1924 advertens
646 1897 788 1936 pensas
821 1886 1013 1924 examinat
1044 1884 1207 1925 herbas.

192 1943 296 1983 Haec
328 1943 397 1983 ubi
428 1955 499 1983 nos
531 1943 654 1995 vidit,
687 1943 788 1982 dicta
820 1949 1057 1994 acceptaque
1089 1943 1237 1996 salute,

192 2001 355 2042 Diffudit
386 2001 515 2042 vultus
549 2008 587 2042 et
619 2001 789 2041 reddidit
819 2003 947 2041 omina
979 2003 1101 2042 votis.

191 2060 272 2100 Nec
303 2072 441 2113 mora,
473 2062 630 2100 misceri
663 2062 754 2100 tosti
786 2059 895 2100 iubet
919 2060 1065 2100 hordea
1097 2062 1208 2112 grani

190 2118 381 2171 Mellaque
414 2120 570 2171 vimque
602 2121 701 2158 meri
733 2131 822 2159 cum
853 2118 952 2159 lact'e
985 2119 1144 2171 coagula
1176 2132 1313 2173 passo,

104 2185 171 2218 275
192 2177 346 2229 Quique
379 2177 452 2217 sub
484 2177 556 2217 hac
587 2177 732 2217 lateant
763 2179 898 2218 furtim
930 2177 1136 2218 dulcedine
1156 2210 1167 2231 ‚
1199 2191 1314 2218 sucos

190 2236 346 2276 Adicit.
385 2237 598 2288 accipimus
630 2248 738 2276 sacra
770 2236 856 2276 data
888 2236 1027 2288 pocula
1059 2237 1216 2276 dextra.

191 2294 299 2341 Quae
332 2294 447 2334 simul
479 2296 606 2334 arenti
637 2297 816 2335 sitientes
847 2295 1048 2336 hausimus
1079 2308 1171 2348 ore,

143 2366 258 2394 ovm.
277 2367 326 2394 11.
1087 2365 1129 2396 19
