<?xml version="1.0" encoding="UTF-8"?>
<!DOCTYPE html PUBLIC "-//W3C//DTD XHTML 1.0 Transitional//EN"
    "http://www.w3.org/TR/xhtml1/DTD/xhtml1-transitional.dtd">
<html xmlns="http://www.w3.org/1999/xhtml" xml:lang="en" lang="en">
 <head>
  <title>
</title>
<meta http-equiv="Content-Type" content="text/html;charset=utf-8" />
  <meta name='ocr-system' content='tesseract 3.04.00' />
  <meta name='ocr-capabilities' content='ocr_page ocr_carea ocr_par ocr_line ocrx_word'/>
</head>
<body>
  <div class='ocr_page' id='page_1' title='image "./ovidopera02oviduoft_0305.png"; bbox 0 0 1527 2580; ppageno 0'>
   <div class='ocr_carea' id='block_1_1' title="bbox 540 126 1372 171">
    <p class='ocr_par' dir='ltr' id='par_1_1' title="bbox 540 126 1372 171">
     <span class='ocr_line' id='line_1_1' title="bbox 540 126 1372 171; baseline 0.002 -10"><span class='ocrx_word' id='word_1_1' title='bbox 540 126 606 161; x_wconf 75' lang='lat' dir='ltr'>XII</span> <span class='ocrx_word' id='word_1_2' title='bbox 625 154 633 171; x_wconf 87' lang='lat'>‚</span> <span class='ocrx_word' id='word_1_3' title='bbox 659 129 844 161; x_wconf 80' lang='lat'><strong>505-576</strong></span> <span class='ocrx_word' id='word_1_4' title='bbox 860 154 868 162; x_wconf 91' lang='lat'>.</span> <span class='ocrx_word' id='word_1_5' title='bbox 950 139 1207 163; x_wconf 56' lang='lat' dir='ltr'>niueam-:nus</span> <span class='ocrx_word' id='word_1_6' title='bbox 1291 128 1372 170; x_wconf 79' lang='lat'>253</span> 
     </span>
    </p>
   </div>
   <div class='ocr_carea' id='block_1_2' title="bbox 65 236 1375 2397">
    <p class='ocr_par' dir='ltr' id='par_1_2' title="bbox 65 236 1375 466">
     <span class='ocr_line' id='line_1_2' title="bbox 65 236 1177 289; baseline 0 -13"><span class='ocrx_word' id='word_1_7' title='bbox 65 243 133 276; x_wconf 82' lang='grc'>540</span> <span class='ocrx_word' id='word_1_8' title='bbox 152 238 246 275; x_wconf 83' lang='lat' dir='ltr'>Acta</span> <span class='ocrx_word' id='word_1_9' title='bbox 277 236 348 275; x_wconf 88' lang='lat' dir='ltr'>tibi</span> <span class='ocrx_word' id='word_1_10' title='bbox 367 268 378 289; x_wconf 89' lang='lat'><em>‚</em></span> <span class='ocrx_word' id='word_1_11' title='bbox 411 237 572 275; x_wconf 83' lang='lat' dir='ltr'>senior.</span> <span class='ocrx_word' id='word_1_12' title='bbox 612 243 719 276; x_wconf 82' lang='lat' dir='ltr'>certe</span> <span class='ocrx_word' id='word_1_13' title='bbox 754 236 848 276; x_wconf 87' lang='lat' dir='ltr'>mihi</span> <span class='ocrx_word' id='word_1_14' title='bbox 880 248 993 289; x_wconf 86' lang='lat' dir='ltr'>saepe</span> <span class='ocrx_word' id='word_1_15' title='bbox 1026 237 1177 276; x_wconf 83' lang='lat' dir='ltr'>referre</span> 
     </span>
     <span class='ocr_line' id='line_1_3' title="bbox 152 292 1176 347; baseline 0 -13"><span class='ocrx_word' id='word_1_16' title='bbox 152 294 375 346; x_wconf 82' lang='lat' dir='ltr'>Nubigenas</span> <span class='ocrx_word' id='word_1_17' title='bbox 408 294 574 333; x_wconf 86' lang='lat' dir='ltr'>domitos</span> <span class='ocrx_word' id='word_1_18' title='bbox 607 307 627 333; x_wconf 90' lang='lat' dir='ltr'>a</span> <span class='ocrx_word' id='word_1_19' title='bbox 660 307 700 334; x_wconf 88' lang='lat' dir='ltr'>se</span> <span class='ocrx_word' id='word_1_20' title='bbox 734 302 843 347; x_wconf 85' lang='lat' dir='ltr'>pater</span> <span class='ocrx_word' id='word_1_21' title='bbox 875 298 957 347; x_wconf 90' lang='lat' dir='ltr'>ipse</span> <span class='ocrx_word' id='word_1_22' title='bbox 990 295 1138 335; x_wconf 89' lang='lat' dir='ltr'>solebat</span> <span class='ocrx_word' id='word_1_23' title='bbox 1153 292 1176 334; x_wconf 91' lang='lat'>.’</span> 
     </span>
     <span class='ocr_line' id='line_1_4' title="bbox 152 351 1375 405; baseline 0.001 -13"><span class='ocrx_word' id='word_1_24' title='bbox 152 353 293 392; x_wconf 85' lang='lat' dir='ltr'>Tristis</span> <span class='ocrx_word' id='word_1_25' title='bbox 324 353 371 392; x_wconf 90' lang='lat' dir='ltr'>ad</span> <span class='ocrx_word' id='word_1_26' title='bbox 403 353 498 392; x_wconf 85' lang='lat' dir='ltr'>haec</span> <span class='ocrx_word' id='word_1_27' title='bbox 526 353 686 405; x_wconf 73' lang='lat' dir='ltr'>I‘leus:</span> <span class='ocrx_word' id='word_1_28' title='bbox 713 351 820 405; x_wconf 83' lang='lat' dir='ltr'>‘quid</span> <span class='ocrx_word' id='word_1_29' title='bbox 849 367 909 393; x_wconf 88' lang='lat' dir='ltr'>me</span> <span class='ocrx_word' id='word_1_30' title='bbox 936 356 1160 393; x_wconf 80' lang='lat' dir='ltr'>meminisse</span> <span class='ocrx_word' id='word_1_31' title='bbox 1187 354 1375 394; x_wconf 85' lang='lat' dir='ltr'>malorum</span> 
     </span>
     <span class='ocr_line' id='line_1_5' title="bbox 153 411 1149 466; baseline 0.001 -15"><span class='ocrx_word' id='word_1_32' title='bbox 153 411 268 463; x_wconf 85' lang='lat' dir='ltr'>Cogis</span> <span class='ocrx_word' id='word_1_33' title='bbox 300 418 340 451; x_wconf 90' lang='lat' dir='ltr'>et</span> <span class='ocrx_word' id='word_1_34' title='bbox 370 411 561 451; x_wconf 91' lang='lat' dir='ltr'>obductos</span> <span class='ocrx_word' id='word_1_35' title='bbox 593 414 704 451; x_wconf 88' lang='lat' dir='ltr'>annis</span> <span class='ocrx_word' id='word_1_36' title='bbox 737 413 963 452; x_wconf 84' lang='lat' dir='ltr'>rescindere</span> <span class='ocrx_word' id='word_1_37' title='bbox 995 413 1149 466; x_wconf 86' lang='lat' dir='ltr'>luctus,</span> 
     </span>
    </p>

    <p class='ocr_par' dir='ltr' id='par_1_3' title="bbox 154 469 1296 523">
     <span class='ocr_line' id='line_1_6' title="bbox 154 469 1296 523; baseline 0.001 -14"><span class='ocrx_word' id='word_1_38' title='bbox 154 470 275 522; x_wconf 82' lang='lat' dir='ltr'>Inque</span> <span class='ocrx_word' id='word_1_39' title='bbox 308 477 419 510; x_wconf 90' lang='lat' dir='ltr'>tuum</span> <span class='ocrx_word' id='word_1_40' title='bbox 452 473 671 522; x_wconf 81' lang='lat' dir='ltr'>genitorem</span> <span class='ocrx_word' id='word_1_41' title='bbox 703 471 836 511; x_wconf 90' lang='lat' dir='ltr'>odium</span> <span class='ocrx_word' id='word_1_42' title='bbox 868 473 1114 523; x_wconf 82' lang='lat' dir='ltr'>offensasque</span> <span class='ocrx_word' id='word_1_43' title='bbox 1148 469 1296 510; x_wconf 75' lang='lat' dir='ltr'>fateri?</span> 
     </span>
    </p>

    <p class='ocr_par' dir='ltr' id='par_1_4' title="bbox 66 529 1243 641">
     <span class='ocr_line' id='line_1_7' title="bbox 66 529 1243 583; baseline 0.001 -15"><span class='ocrx_word' id='word_1_44' title='bbox 66 537 133 569; x_wconf 80' lang='grc'>545</span> <span class='ocrx_word' id='word_1_45' title='bbox 154 529 219 568; x_wconf 92' lang='lat' dir='ltr'>Ille</span> <span class='ocrx_word' id='word_1_46' title='bbox 253 529 410 580; x_wconf 84' lang='lat' dir='ltr'>quidem</span> <span class='ocrx_word' id='word_1_47' title='bbox 443 531 588 568; x_wconf 86' lang='lat' dir='ltr'>maiora</span> <span class='ocrx_word' id='word_1_48' title='bbox 620 529 694 568; x_wconf 85' lang='lat' dir='ltr'>fide</span> <span class='ocrx_word' id='word_1_49' title='bbox 714 562 724 582; x_wconf 91' lang='lat'><em>,</em></span> <span class='ocrx_word' id='word_1_50' title='bbox 757 529 824 569; x_wconf 88' lang='lat' dir='ltr'>di!</span> <span class='ocrx_word' id='word_1_51' title='bbox 856 532 1006 583; x_wconf 79' lang='lat' dir='ltr'>gessit,</span> <span class='ocrx_word' id='word_1_52' title='bbox 1039 536 1078 569; x_wconf 92' lang='lat' dir='ltr'>et</span> <span class='ocrx_word' id='word_1_53' title='bbox 1109 529 1243 569; x_wconf 87' lang='lat' dir='ltr'>orbem</span> 
     </span>
     <span class='ocr_line' id='line_1_8' title="bbox 154 588 1208 641; baseline 0.001 -14"><span class='ocrx_word' id='word_1_54' title='bbox 154 588 331 640; x_wconf 85' lang='lat' dir='ltr'>Implevit</span> <span class='ocrx_word' id='word_1_55' title='bbox 361 590 511 627; x_wconf 90' lang='lat' dir='ltr'>meritis</span> <span class='ocrx_word' id='word_1_56' title='bbox 530 621 540 639; x_wconf 89' lang='lat'><em>,</em></span> <span class='ocrx_word' id='word_1_57' title='bbox 574 588 676 639; x_wconf 88' lang='lat' dir='ltr'>quod</span> <span class='ocrx_word' id='word_1_58' title='bbox 709 588 863 628; x_wconf 91' lang='lat' dir='ltr'>mallem</span> <span class='ocrx_word' id='word_1_59' title='bbox 894 601 1009 640; x_wconf 89' lang='lat' dir='ltr'>posse</span> <span class='ocrx_word' id='word_1_60' title='bbox 1042 601 1208 641; x_wconf 86' lang='lat' dir='ltr'>negare.</span> 
     </span>
    </p>

    <p class='ocr_par' dir='ltr' id='par_1_5' title="bbox 153 646 1350 816">
     <span class='ocr_line' id='line_1_9' title="bbox 156 646 1350 700; baseline 0.001 -15"><span class='ocrx_word' id='word_1_61' title='bbox 156 646 233 685; x_wconf 87' lang='lat' dir='ltr'>Sed</span> <span class='ocrx_word' id='word_1_62' title='bbox 266 659 394 698; x_wconf 90' lang='lat' dir='ltr'>neque</span> <span class='ocrx_word' id='word_1_63' title='bbox 428 646 674 698; x_wconf 83' lang='lat' dir='ltr'>Deiphobum</span> <span class='ocrx_word' id='word_1_64' title='bbox 707 659 779 686; x_wconf 90' lang='lat' dir='ltr'>nec</span> <span class='ocrx_word' id='word_1_65' title='bbox 811 647 1086 699; x_wconf 78' lang='lat' dir='ltr'>Polydamanta</span> <span class='ocrx_word' id='word_1_66' title='bbox 1118 660 1191 687; x_wconf 91' lang='lat' dir='ltr'>nec</span> <span class='ocrx_word' id='word_1_67' title='bbox 1221 649 1350 700; x_wconf 90' lang='lat' dir='ltr'>ipsum</span> 
     </span>
     <span class='ocr_line' id='line_1_10' title="bbox 153 704 1313 757; baseline 0.002 -13"><span class='ocrx_word' id='word_1_68' title='bbox 153 704 322 744; x_wconf 82' lang='lat' dir='ltr'>Hectora</span> <span class='ocrx_word' id='word_1_69' title='bbox 354 705 584 745; x_wconf 86' lang='lat' dir='ltr'>laudamus.</span> <span class='ocrx_word' id='word_1_70' title='bbox 623 707 711 757; x_wconf 88' lang='lat' dir='ltr'>quis</span> <span class='ocrx_word' id='word_1_71' title='bbox 743 707 848 745; x_wconf 90' lang='lat' dir='ltr'>enim</span> <span class='ocrx_word' id='word_1_72' title='bbox 880 707 1094 745; x_wconf 83' lang='lat' dir='ltr'>laudaverit</span> <span class='ocrx_word' id='word_1_73' title='bbox 1125 704 1313 746; x_wconf 74' lang='lat' dir='ltr'>hostem?</span> 
     </span>
     <span class='ocr_line' id='line_1_11' title="bbox 154 763 1169 816; baseline 0.002 -14"><span class='ocrx_word' id='word_1_74' title='bbox 154 763 220 802; x_wconf 93' lang='lat' dir='ltr'>Ille</span> <span class='ocrx_word' id='word_1_75' title='bbox 254 770 346 803; x_wconf 91' lang='lat' dir='ltr'>tuus</span> <span class='ocrx_word' id='word_1_76' title='bbox 378 766 532 816; x_wconf 85' lang='lat' dir='ltr'>genitor</span> <span class='ocrx_word' id='word_1_77' title='bbox 563 764 756 803; x_wconf 88' lang='lat' dir='ltr'>Messenia</span> <span class='ocrx_word' id='word_1_78' title='bbox 788 767 940 804; x_wconf 91' lang='lat' dir='ltr'>moenia</span> <span class='ocrx_word' id='word_1_79' title='bbox 973 765 1169 816; x_wconf 87' lang='lat' dir='ltr'>quondam</span> 
     </span>
    </p>

    <p class='ocr_par' dir='ltr' id='par_1_6' title="bbox 67 822 1284 1051">
     <span class='ocr_line' id='line_1_12' title="bbox 67 822 1215 875; baseline 0.002 -14"><span class='ocrx_word' id='word_1_80' title='bbox 67 831 134 861; x_wconf 85' lang='lat'>550</span> <span class='ocrx_word' id='word_1_81' title='bbox 156 822 329 875; x_wconf 84' lang='lat' dir='ltr'>Stravit,</span> <span class='ocrx_word' id='word_1_82' title='bbox 361 829 401 862; x_wconf 88' lang='lat' dir='ltr'>et</span> <span class='ocrx_word' id='word_1_83' title='bbox 432 825 633 862; x_wconf 88' lang='lat' dir='ltr'>inmeritas</span> <span class='ocrx_word' id='word_1_84' title='bbox 665 823 785 862; x_wconf 90' lang='lat' dir='ltr'>urbes</span> <span class='ocrx_word' id='word_1_85' title='bbox 818 823 983 875; x_wconf 88' lang='lat' dir='ltr'>Elinque</span> <span class='ocrx_word' id='word_1_86' title='bbox 1015 824 1215 875; x_wconf 81' lang='lat' dir='ltr'>Pylonque</span> 
     </span>
     <span class='ocr_line' id='line_1_13' title="bbox 155 881 1284 935; baseline 0.002 -15"><span class='ocrx_word' id='word_1_87' title='bbox 155 881 283 920; x_wconf 89' lang='lat' dir='ltr'>Diruit</span> <span class='ocrx_word' id='word_1_88' title='bbox 301 914 312 935; x_wconf 83' lang='lat'><em>,</em></span> <span class='ocrx_word' id='word_1_89' title='bbox 344 883 464 932; x_wconf 90' lang='lat' dir='ltr'>inque</span> <span class='ocrx_word' id='word_1_90' title='bbox 495 894 604 921; x_wconf 92' lang='lat' dir='ltr'>meos</span> <span class='ocrx_word' id='word_1_91' title='bbox 637 882 786 921; x_wconf 85' lang='lat' dir='ltr'>serrum</span> <span class='ocrx_word' id='word_1_92' title='bbox 819 882 1090 933; x_wconf 85' lang='lat' dir='ltr'>flammamque</span> <span class='ocrx_word' id='word_1_93' title='bbox 1122 889 1284 934; x_wconf 85' lang='lat' dir='ltr'>penates</span> 
     </span>
     <span class='ocr_line' id='line_1_14' title="bbox 155 940 1277 993; baseline 0.001 -14"><span class='ocrx_word' id='word_1_94' title='bbox 155 940 329 992; x_wconf 87' lang='lat' dir='ltr'>Inpulit.</span> <span class='ocrx_word' id='word_1_95' title='bbox 367 947 489 991; x_wconf 93' lang='lat' dir='ltr'>utque</span> <span class='ocrx_word' id='word_1_96' title='bbox 522 940 616 979; x_wconf 90' lang='lat' dir='ltr'>alios</span> <span class='ocrx_word' id='word_1_97' title='bbox 649 947 798 980; x_wconf 90' lang='lat' dir='ltr'>taceam</span> <span class='ocrx_word' id='word_1_98' title='bbox 817 972 828 993; x_wconf 85' lang='lat'><em>‚</em></span> <span class='ocrx_word' id='word_1_99' title='bbox 861 953 959 992; x_wconf 91' lang='lat' dir='ltr'>quos</span> <span class='ocrx_word' id='word_1_100' title='bbox 991 941 1053 979; x_wconf 91' lang='lat' dir='ltr'>ille</span> <span class='ocrx_word' id='word_1_101' title='bbox 1086 942 1277 993; x_wconf 82' lang='lat' dir='ltr'>peremit,</span> 
     </span>
     <span class='ocr_line' id='line_1_15' title="bbox 154 998 1197 1051; baseline 0 -13"><span class='ocrx_word' id='word_1_102' title='bbox 154 998 220 1038; x_wconf 89' lang='lat' dir='ltr'>Bis</span> <span class='ocrx_word' id='word_1_103' title='bbox 251 1011 320 1038; x_wconf 85' lang='lat' dir='ltr'>sex</span> <span class='ocrx_word' id='word_1_104' title='bbox 351 998 509 1037; x_wconf 85' lang='lat' dir='ltr'>Nelidae</span> <span class='ocrx_word' id='word_1_105' title='bbox 542 1000 687 1038; x_wconf 79' lang='lat' dir='ltr'>fuimus</span> <span class='ocrx_word' id='word_1_106' title='bbox 706 1031 717 1051; x_wconf 83' lang='lat'><em>‚</em></span> <span class='ocrx_word' id='word_1_107' title='bbox 749 1005 960 1051; x_wconf 88' lang='lat' dir='ltr'>conspecta</span> <span class='ocrx_word' id='word_1_108' title='bbox 990 1001 1197 1038; x_wconf 87' lang='lat' dir='ltr'>iuventus:</span> 
     </span>
    </p>

    <p class='ocr_par' dir='ltr' id='par_1_7' title="bbox 69 1056 1323 1286">
     <span class='ocr_line' id='line_1_16' title="bbox 155 1056 1241 1110; baseline 0 -14"><span class='ocrx_word' id='word_1_109' title='bbox 155 1056 222 1096; x_wconf 91' lang='lat' dir='ltr'>Bis</span> <span class='ocrx_word' id='word_1_110' title='bbox 254 1069 322 1096; x_wconf 84' lang='lat' dir='ltr'>sex</span> <span class='ocrx_word' id='word_1_111' title='bbox 354 1056 559 1096; x_wconf 88' lang='lat' dir='ltr'>Herculeis</span> <span class='ocrx_word' id='word_1_112' title='bbox 592 1057 851 1110; x_wconf 82' lang='lat' dir='ltr'>ceciderunt,</span> <span class='ocrx_word' id='word_1_113' title='bbox 884 1070 944 1097; x_wconf 90' lang='lat' dir='ltr'>me</span> <span class='ocrx_word' id='word_1_114' title='bbox 977 1059 1107 1096; x_wconf 91' lang='lat' dir='ltr'>minus</span> <span class='ocrx_word' id='word_1_115' title='bbox 1138 1070 1241 1110; x_wconf 83' lang='lat' dir='ltr'>uno,</span> 
     </span>
     <span class='ocr_line' id='line_1_17' title="bbox 69 1115 1323 1168; baseline 0.001 -14"><span class='ocrx_word' id='word_1_116' title='bbox 69 1123 135 1155; x_wconf 83' lang='grc'>555</span> <span class='ocrx_word' id='word_1_117' title='bbox 157 1115 344 1155; x_wconf 92' lang='lat' dir='ltr'>Viribus.</span> <span class='ocrx_word' id='word_1_118' title='bbox 383 1122 500 1167; x_wconf 88' lang='lat' dir='ltr'>atque</span> <span class='ocrx_word' id='word_1_119' title='bbox 533 1116 628 1155; x_wconf 89' lang='lat' dir='ltr'>alios</span> <span class='ocrx_word' id='word_1_120' title='bbox 660 1118 763 1156; x_wconf 90' lang='lat' dir='ltr'>vinci</span> <span class='ocrx_word' id='word_1_121' title='bbox 794 1118 970 1168; x_wconf 88' lang='lat' dir='ltr'>potuisse</span> <span class='ocrx_word' id='word_1_122' title='bbox 1002 1117 1209 1156; x_wconf 81' lang='lat' dir='ltr'>ferendum</span> <span class='ocrx_word' id='word_1_123' title='bbox 1243 1124 1323 1156; x_wconf 88' lang='lat' dir='ltr'>est:</span> 
     </span>
     <span class='ocr_line' id='line_1_18' title="bbox 156 1174 1229 1227; baseline 0 -14"><span class='ocrx_word' id='word_1_124' title='bbox 156 1174 252 1213; x_wconf 86' lang='lat' dir='ltr'>Mira</span> <span class='ocrx_word' id='word_1_125' title='bbox 283 1174 543 1226; x_wconf 82' lang='lat' dir='ltr'>Periclymeni</span> <span class='ocrx_word' id='word_1_126' title='bbox 575 1186 682 1213; x_wconf 90' lang='lat' dir='ltr'>mors</span> <span class='ocrx_word' id='word_1_127' title='bbox 715 1180 802 1214; x_wconf 89' lang='lat' dir='ltr'>est.</span> <span class='ocrx_word' id='word_1_128' title='bbox 842 1176 906 1214; x_wconf 92' lang='lat' dir='ltr'>cui</span> <span class='ocrx_word' id='word_1_129' title='bbox 937 1187 1052 1226; x_wconf 91' lang='lat' dir='ltr'>posse</span> <span class='ocrx_word' id='word_1_130' title='bbox 1085 1176 1229 1227; x_wconf 88' lang='lat' dir='ltr'>figuras</span> 
     </span>
     <span class='ocr_line' id='line_1_19' title="bbox 157 1232 1312 1286; baseline 0 -14"><span class='ocrx_word' id='word_1_131' title='bbox 157 1233 323 1272; x_wconf 88' lang='lat' dir='ltr'>Sumere</span> <span class='ocrx_word' id='word_1_132' title='bbox 357 1245 452 1284; x_wconf 90' lang='lat' dir='ltr'>quas</span> <span class='ocrx_word' id='word_1_133' title='bbox 484 1232 628 1286; x_wconf 82' lang='lat' dir='ltr'>vellet,</span> <span class='ocrx_word' id='word_1_134' title='bbox 660 1246 878 1284; x_wconf 86' lang='lat' dir='ltr'>rursusque</span> <span class='ocrx_word' id='word_1_135' title='bbox 911 1245 1103 1285; x_wconf 87' lang='lat' dir='ltr'>reponere</span> <span class='ocrx_word' id='word_1_136' title='bbox 1137 1239 1312 1285; x_wconf 85' lang='lat' dir='ltr'>sumptas</span> 
     </span>
    </p>

    <p class='ocr_par' dir='ltr' id='par_1_8' title="bbox 155 1291 1330 1403">
     <span class='ocr_line' id='line_1_20' title="bbox 155 1291 1150 1344; baseline 0.001 -14"><span class='ocrx_word' id='word_1_137' title='bbox 155 1291 362 1343; x_wconf 86' lang='lat' dir='ltr'>Neptunus</span> <span class='ocrx_word' id='word_1_138' title='bbox 395 1292 585 1344; x_wconf 83' lang='lat' dir='ltr'>dederat,</span> <span class='ocrx_word' id='word_1_139' title='bbox 616 1291 726 1331; x_wconf 90' lang='lat' dir='ltr'>Nelei</span> <span class='ocrx_word' id='word_1_140' title='bbox 758 1293 958 1343; x_wconf 82' lang='lat' dir='ltr'>sanguinis</span> <span class='ocrx_word' id='word_1_141' title='bbox 992 1297 1150 1331; x_wconf 84' lang='lat' dir='ltr'>auctor.</span> 
     </span>
     <span class='ocr_line' id='line_1_21' title="bbox 155 1350 1330 1403; baseline 0 -14"><span class='ocrx_word' id='word_1_142' title='bbox 155 1350 227 1389; x_wconf 91' lang='lat' dir='ltr'>Hic</span> <span class='ocrx_word' id='word_1_143' title='bbox 260 1350 327 1390; x_wconf 88' lang='lat' dir='ltr'>ubi</span> <span class='ocrx_word' id='word_1_144' title='bbox 358 1352 597 1402; x_wconf 89' lang='lat' dir='ltr'>nequiquam</span> <span class='ocrx_word' id='word_1_145' title='bbox 629 1357 689 1389; x_wconf 90' lang='lat' dir='ltr'>est</span> <span class='ocrx_word' id='word_1_146' title='bbox 721 1352 865 1389; x_wconf 84' lang='lat' dir='ltr'>formas</span> <span class='ocrx_word' id='word_1_147' title='bbox 897 1352 1066 1390; x_wconf 87' lang='lat' dir='ltr'>variatus</span> <span class='ocrx_word' id='word_1_148' title='bbox 1098 1352 1139 1389; x_wconf 92' lang='lat' dir='ltr'>in</span> <span class='ocrx_word' id='word_1_149' title='bbox 1171 1363 1330 1403; x_wconf 87' lang='lat' dir='ltr'>omnes,</span> 
     </span>
    </p>

    <p class='ocr_par' dir='ltr' id='par_1_9' title="bbox 71 1409 1368 1636">
     <span class='ocr_line' id='line_1_22' title="bbox 71 1409 1368 1462; baseline 0.001 -15"><span class='ocrx_word' id='word_1_150' title='bbox 71 1416 136 1449; x_wconf 86' lang='grc'>560</span> <span class='ocrx_word' id='word_1_151' title='bbox 156 1409 331 1448; x_wconf 89' lang='lat' dir='ltr'>Vertitur</span> <span class='ocrx_word' id='word_1_152' title='bbox 350 1411 390 1448; x_wconf 89' lang='lat' dir='ltr'>in</span> <span class='ocrx_word' id='word_1_153' title='bbox 411 1410 550 1449; x_wconf 78' lang='lat' dir='ltr'>faciem</span> <span class='ocrx_word' id='word_1_154' title='bbox 570 1409 739 1448; x_wconf 85' lang='lat' dir='ltr'>volucris</span> <span class='ocrx_word' id='word_1_155' title='bbox 752 1441 763 1462; x_wconf 81' lang='lat'><em>,</em></span> <span class='ocrx_word' id='word_1_156' title='bbox 783 1421 881 1461; x_wconf 93' lang='lat' dir='ltr'>quae</span> <span class='ocrx_word' id='word_1_157' title='bbox 903 1409 1064 1448; x_wconf 86' lang='lat' dir='ltr'>fulmina</span> <span class='ocrx_word' id='word_1_158' title='bbox 1085 1411 1215 1448; x_wconf 92' lang='lat' dir='ltr'>curvis</span> <span class='ocrx_word' id='word_1_159' title='bbox 1229 1417 1254 1445; x_wconf 76' lang='lat' dir='ltr'>f.</span> <span class='ocrx_word' id='word_1_160' title='bbox 1267 1418 1368 1445; x_wconf 66' lang='lat' dir='ltr'>clxxvi</span> 
     </span>
     <span class='ocr_line' id='line_1_23' title="bbox 155 1467 1189 1520; baseline 0.001 -14"><span class='ocrx_word' id='word_1_161' title='bbox 155 1467 276 1506; x_wconf 90' lang='lat' dir='ltr'>Ferre</span> <span class='ocrx_word' id='word_1_162' title='bbox 309 1467 408 1507; x_wconf 90' lang='lat' dir='ltr'>solet</span> <span class='ocrx_word' id='word_1_163' title='bbox 438 1468 605 1520; x_wconf 87' lang='lat' dir='ltr'>pedibus</span> <span class='ocrx_word' id='word_1_164' title='bbox 624 1500 634 1520; x_wconf 92' lang='lat'><em>‚</em></span> <span class='ocrx_word' id='word_1_165' title='bbox 667 1468 798 1507; x_wconf 90' lang='lat' dir='ltr'>divum</span> <span class='ocrx_word' id='word_1_166' title='bbox 829 1469 1051 1519; x_wconf 85' lang='lat' dir='ltr'>gratissima</span> <span class='ocrx_word' id='word_1_167' title='bbox 1083 1469 1189 1519; x_wconf 76' lang='lat' dir='ltr'>regi.</span> 
     </span>
     <span class='ocr_line' id='line_1_24' title="bbox 155 1525 1172 1578; baseline 0.001 -14"><span class='ocrx_word' id='word_1_168' title='bbox 155 1525 312 1565; x_wconf 90' lang='lat' dir='ltr'>Viribus</span> <span class='ocrx_word' id='word_1_169' title='bbox 344 1538 440 1566; x_wconf 85' lang='lat' dir='ltr'>usus</span> <span class='ocrx_word' id='word_1_170' title='bbox 472 1529 551 1565; x_wconf 92' lang='lat' dir='ltr'>avis</span> <span class='ocrx_word' id='word_1_171' title='bbox 583 1528 724 1578; x_wconf 90' lang='lat' dir='ltr'>pennis</span> <span class='ocrx_word' id='word_1_172' title='bbox 756 1532 965 1577; x_wconf 87' lang='lat' dir='ltr'>rostroque</span> <span class='ocrx_word' id='word_1_173' title='bbox 997 1526 1172 1565; x_wconf 86' lang='lat' dir='ltr'>redunco</span> 
     </span>
     <span class='ocr_line' id='line_1_25' title="bbox 155 1584 1105 1636; baseline 0 -13"><span class='ocrx_word' id='word_1_174' title='bbox 155 1584 406 1636; x_wconf 86' lang='lat' dir='ltr'>Hamatisque</span> <span class='ocrx_word' id='word_1_175' title='bbox 439 1586 512 1624; x_wconf 88' lang='lat' dir='ltr'>viri</span> <span class='ocrx_word' id='word_1_176' title='bbox 543 1585 754 1624; x_wconf 88' lang='lat' dir='ltr'>laniaverat</span> <span class='ocrx_word' id='word_1_177' title='bbox 784 1585 983 1636; x_wconf 86' lang='lat' dir='ltr'>unguibus</span> <span class='ocrx_word' id='word_1_178' title='bbox 1016 1597 1105 1624; x_wconf 90' lang='lat' dir='ltr'>ora.</span> 
     </span>
    </p>

    <p class='ocr_par' dir='ltr' id='par_1_10' title="bbox 156 1643 1296 1695">
     <span class='ocr_line' id='line_1_26' title="bbox 156 1643 1296 1695; baseline 0.001 -13"><span class='ocrx_word' id='word_1_179' title='bbox 156 1643 299 1683; x_wconf 87' lang='lat' dir='ltr'>Tendit</span> <span class='ocrx_word' id='word_1_180' title='bbox 328 1646 370 1682; x_wconf 91' lang='lat' dir='ltr'>in</span> <span class='ocrx_word' id='word_1_181' title='bbox 401 1643 502 1682; x_wconf 91' lang='lat' dir='ltr'>hanc</span> <span class='ocrx_word' id='word_1_182' title='bbox 534 1645 698 1682; x_wconf 89' lang='lat' dir='ltr'>nimium</span> <span class='ocrx_word' id='word_1_183' title='bbox 731 1650 861 1683; x_wconf 88' lang='lat' dir='ltr'>certos</span> <span class='ocrx_word' id='word_1_184' title='bbox 892 1643 1124 1694; x_wconf 83' lang='lat' dir='ltr'>Tirynthius</span> <span class='ocrx_word' id='word_1_185' title='bbox 1157 1656 1296 1695; x_wconf 83' lang='lat' dir='ltr'>arcus,</span> 
     </span>
    </p>

    <p class='ocr_par' dir='ltr' id='par_1_11' title="bbox 68 1701 1218 1813">
     <span class='ocr_line' id='line_1_27' title="bbox 68 1701 1218 1753; baseline 0 -13"><span class='ocrx_word' id='word_1_186' title='bbox 68 1709 135 1741; x_wconf 84' lang='grc'>565</span> <span class='ocrx_word' id='word_1_187' title='bbox 156 1703 282 1753; x_wconf 83' lang='lat' dir='ltr'>Atque</span> <span class='ocrx_word' id='word_1_188' title='bbox 314 1703 418 1740; x_wconf 89' lang='lat' dir='ltr'>inter</span> <span class='ocrx_word' id='word_1_189' title='bbox 450 1701 575 1740; x_wconf 89' lang='lat' dir='ltr'>nubes</span> <span class='ocrx_word' id='word_1_190' title='bbox 607 1702 788 1741; x_wconf 89' lang='lat' dir='ltr'>sublimia</span> <span class='ocrx_word' id='word_1_191' title='bbox 819 1701 995 1740; x_wconf 91' lang='lat' dir='ltr'>membra</span> <span class='ocrx_word' id='word_1_192' title='bbox 1026 1702 1218 1740; x_wconf 80' lang='lat' dir='ltr'>ferentem</span> 
     </span>
     <span class='ocr_line' id='line_1_28' title="bbox 155 1759 1210 1813; baseline -0.001 -14"><span class='ocrx_word' id='word_1_193' title='bbox 155 1760 478 1811; x_wconf 77' lang='lat' dir='ltr'>Pendentemque</span> <span class='ocrx_word' id='word_1_194' title='bbox 510 1761 602 1808; x_wconf 71' lang='lat' dir='ltr'>serit</span> <span class='ocrx_word' id='word_1_195' title='bbox 619 1792 630 1813; x_wconf 91' lang='lat'><em>‚</em></span> <span class='ocrx_word' id='word_1_196' title='bbox 662 1760 775 1799; x_wconf 89' lang='lat' dir='ltr'>lateri</span> <span class='ocrx_word' id='word_1_197' title='bbox 808 1772 883 1811; x_wconf 91' lang='lat' dir='ltr'>qua</span> <span class='ocrx_word' id='word_1_198' title='bbox 916 1759 1098 1799; x_wconf 87' lang='lat' dir='ltr'>subditur</span> <span class='ocrx_word' id='word_1_199' title='bbox 1131 1760 1210 1799; x_wconf 91' lang='lat' dir='ltr'>ala.</span> 
     </span>
    </p>

    <p class='ocr_par' dir='ltr' id='par_1_12' title="bbox 155 1817 1277 1989">
     <span class='ocr_line' id='line_1_29' title="bbox 155 1817 1277 1871; baseline -0.001 -13"><span class='ocrx_word' id='word_1_200' title='bbox 155 1819 236 1858; x_wconf 89' lang='lat' dir='ltr'>Nec</span> <span class='ocrx_word' id='word_1_201' title='bbox 267 1830 383 1870; x_wconf 87' lang='lat' dir='ltr'>grave</span> <span class='ocrx_word' id='word_1_202' title='bbox 414 1818 556 1858; x_wconf 91' lang='lat' dir='ltr'>vulnus</span> <span class='ocrx_word' id='word_1_203' title='bbox 589 1825 701 1871; x_wconf 83' lang='lat' dir='ltr'>erat3</span> <span class='ocrx_word' id='word_1_204' title='bbox 734 1818 802 1857; x_wconf 88' lang='lat' dir='ltr'>sed</span> <span class='ocrx_word' id='word_1_205' title='bbox 834 1820 942 1870; x_wconf 89' lang='lat' dir='ltr'>rupti</span> <span class='ocrx_word' id='word_1_206' title='bbox 973 1817 1135 1857; x_wconf 91' lang='lat' dir='ltr'>vulnere</span> <span class='ocrx_word' id='word_1_207' title='bbox 1167 1820 1277 1857; x_wconf 87' lang='lat' dir='ltr'>nervi</span> 
     </span>
     <span class='ocr_line' id='line_1_30' title="bbox 155 1876 1240 1929; baseline 0 -13"><span class='ocrx_word' id='word_1_208' title='bbox 155 1877 380 1929; x_wconf 84' lang='lat' dir='ltr'>Deficiunt,</span> <span class='ocrx_word' id='word_1_209' title='bbox 412 1883 642 1929; x_wconf 90' lang='lat' dir='ltr'>motumque</span> <span class='ocrx_word' id='word_1_210' title='bbox 675 1882 819 1929; x_wconf 86' lang='lat' dir='ltr'>negant</span> <span class='ocrx_word' id='word_1_211' title='bbox 848 1878 1032 1928; x_wconf 88' lang='lat' dir='ltr'>viresque</span> <span class='ocrx_word' id='word_1_212' title='bbox 1063 1876 1240 1916; x_wconf 87' lang='lat' dir='ltr'>volandi.</span> 
     </span>
     <span class='ocr_line' id='line_1_31' title="bbox 155 1934 1188 1989; baseline -0.001 -14"><span class='ocrx_word' id='word_1_213' title='bbox 155 1935 307 1975; x_wconf 90' lang='lat' dir='ltr'>Decidit</span> <span class='ocrx_word' id='word_1_214' title='bbox 336 1937 377 1975; x_wconf 91' lang='lat' dir='ltr'>in</span> <span class='ocrx_word' id='word_1_215' title='bbox 409 1942 584 1989; x_wconf 84' lang='lat' dir='ltr'>terram,</span> <span class='ocrx_word' id='word_1_216' title='bbox 616 1948 695 1975; x_wconf 91' lang='lat' dir='ltr'>non</span> <span class='ocrx_word' id='word_1_217' title='bbox 727 1934 1042 1987; x_wconf 90' lang='lat' dir='ltr'>concipientibus</span> <span class='ocrx_word' id='word_1_218' title='bbox 1075 1946 1188 1974; x_wconf 88' lang='lat' dir='ltr'>auras</span> 
     </span>
    </p>

    <p class='ocr_par' dir='ltr' id='par_1_13' title="bbox 69 1993 1310 2280">
     <span class='ocr_line' id='line_1_32' title="bbox 69 1993 1207 2047; baseline 0 -14"><span class='ocrx_word' id='word_1_219' title='bbox 69 2001 137 2034; x_wconf 80' lang='grc'>570</span> <span class='ocrx_word' id='word_1_220' title='bbox 158 1994 328 2034; x_wconf 78' lang='lat' dir='ltr'>Inferius</span> <span class='ocrx_word' id='word_1_221' title='bbox 358 1996 499 2046; x_wconf 90' lang='lat' dir='ltr'>pennis</span> <span class='ocrx_word' id='word_1_222' title='bbox 518 2027 530 2047; x_wconf 82' lang='lat'><em>,</em></span> <span class='ocrx_word' id='word_1_223' title='bbox 562 2000 601 2033; x_wconf 90' lang='lat' dir='ltr'>et</span> <span class='ocrx_word' id='word_1_224' title='bbox 633 2006 732 2046; x_wconf 86' lang='lat' dir='ltr'>quae</span> <span class='ocrx_word' id='word_1_225' title='bbox 764 1994 859 2033; x_wconf 92' lang='lat' dir='ltr'>levis</span> <span class='ocrx_word' id='word_1_226' title='bbox 891 1994 1071 2032; x_wconf 86' lang='lat' dir='ltr'>haeserat</span> <span class='ocrx_word' id='word_1_227' title='bbox 1101 1993 1207 2046; x_wconf 85' lang='lat' dir='ltr'>alae,</span> 
     </span>
     <span class='ocr_line' id='line_1_33' title="bbox 157 2052 1130 2104; baseline 0 -13"><span class='ocrx_word' id='word_1_228' title='bbox 157 2052 343 2104; x_wconf 89' lang='lat' dir='ltr'>Corporis</span> <span class='ocrx_word' id='word_1_229' title='bbox 374 2053 478 2092; x_wconf 84' lang='lat' dir='ltr'>affixi</span> <span class='ocrx_word' id='word_1_230' title='bbox 509 2060 645 2104; x_wconf 78' lang='lat' dir='ltr'>pressa</span> <span class='ocrx_word' id='word_1_231' title='bbox 678 2058 739 2092; x_wconf 90' lang='lat' dir='ltr'>est</span> <span class='ocrx_word' id='word_1_232' title='bbox 769 2053 957 2104; x_wconf 86' lang='lat' dir='ltr'>gravitate</span> <span class='ocrx_word' id='word_1_233' title='bbox 990 2053 1130 2103; x_wconf 82' lang='lat' dir='ltr'>sagitta</span> 
     </span>
     <span class='ocr_line' id='line_1_34' title="bbox 156 2110 1310 2162; baseline 0 -12"><span class='ocrx_word' id='word_1_234' title='bbox 156 2111 310 2162; x_wconf 89' lang='lat' dir='ltr'>Perque</span> <span class='ocrx_word' id='word_1_235' title='bbox 342 2110 443 2150; x_wconf 88' lang='lat' dir='ltr'>latus</span> <span class='ocrx_word' id='word_1_236' title='bbox 475 2123 673 2151; x_wconf 89' lang='lat' dir='ltr'>summum</span> <span class='ocrx_word' id='word_1_237' title='bbox 704 2110 837 2162; x_wconf 86' lang='lat' dir='ltr'>iugulo</span> <span class='ocrx_word' id='word_1_238' title='bbox 870 2116 931 2149; x_wconf 85' lang='lat' dir='ltr'>est</span> <span class='ocrx_word' id='word_1_239' title='bbox 962 2116 1096 2150; x_wconf 86' lang='lat' dir='ltr'>exacta</span> <span class='ocrx_word' id='word_1_240' title='bbox 1127 2111 1310 2151; x_wconf 88' lang='lat' dir='ltr'>sinistro.</span> 
     </span>
     <span class='ocr_line' id='line_1_35' title="bbox 155 2168 1082 2221; baseline 0 -13"><span class='ocrx_word' id='word_1_241' title='bbox 155 2169 258 2208; x_wconf 91' lang='lat' dir='ltr'>Num</span> <span class='ocrx_word' id='word_1_242' title='bbox 290 2169 425 2208; x_wconf 91' lang='lat' dir='ltr'>videor</span> <span class='ocrx_word' id='word_1_243' title='bbox 456 2169 602 2209; x_wconf 89' lang='lat' dir='ltr'>debere</span> <span class='ocrx_word' id='word_1_244' title='bbox 633 2171 692 2209; x_wconf 90' lang='lat' dir='ltr'>tui</span> <span class='ocrx_word' id='word_1_245' title='bbox 722 2170 931 2221; x_wconf 89' lang='lat' dir='ltr'>praeconia</span> <span class='ocrx_word' id='word_1_246' title='bbox 963 2168 1082 2208; x_wconf 87' lang='lat' dir='ltr'>rebus</span> 
     </span>
     <span class='ocr_line' id='line_1_36' title="bbox 156 2225 1300 2280; baseline 0.001 -14"><span class='ocrx_word' id='word_1_247' title='bbox 156 2227 366 2280; x_wconf 89' lang='lat' dir='ltr'>Herculis,</span> <span class='ocrx_word' id='word_1_248' title='bbox 398 2239 421 2266; x_wconf 91' lang='grc' dir='ltr'><strong>ο</strong></span> <span class='ocrx_word' id='word_1_249' title='bbox 453 2227 626 2267; x_wconf 87' lang='lat' dir='ltr'>Rhodiae</span> <span class='ocrx_word' id='word_1_250' title='bbox 659 2228 801 2267; x_wconf 90' lang='lat' dir='ltr'>ductor</span> <span class='ocrx_word' id='word_1_251' title='bbox 831 2227 1097 2280; x_wconf 89' lang='lat' dir='ltr'>pulcherrime</span> <span class='ocrx_word' id='word_1_252' title='bbox 1129 2225 1300 2267; x_wconf 82' lang='lat' dir='ltr'>classis?</span> 
     </span>
    </p>

    <p class='ocr_par' dir='ltr' id='par_1_14' title="bbox 67 2285 1269 2397">
     <span class='ocr_line' id='line_1_37' title="bbox 67 2285 1239 2338; baseline 0 -13"><span class='ocrx_word' id='word_1_253' title='bbox 67 2293 135 2326; x_wconf 77' lang='grc'>575</span> <span class='ocrx_word' id='word_1_254' title='bbox 155 2286 236 2325; x_wconf 89' lang='lat' dir='ltr'>Nec</span> <span class='ocrx_word' id='word_1_255' title='bbox 267 2292 398 2326; x_wconf 88' lang='lat' dir='ltr'>tamen</span> <span class='ocrx_word' id='word_1_256' title='bbox 432 2286 627 2338; x_wconf 87' lang='lat' dir='ltr'>ulterius,</span> <span class='ocrx_word' id='word_1_257' title='bbox 660 2298 776 2338; x_wconf 91' lang='lat' dir='ltr'>quam</span> <span class='ocrx_word' id='word_1_258' title='bbox 809 2287 925 2325; x_wconf 81' lang='lat' dir='ltr'>sortia</span> <span class='ocrx_word' id='word_1_259' title='bbox 957 2286 1058 2326; x_wconf 80' lang='lat' dir='ltr'>sacta</span> <span class='ocrx_word' id='word_1_260' title='bbox 1090 2285 1239 2326; x_wconf 89' lang='lat' dir='ltr'>silendo</span> 
     </span>
     <span class='ocr_line' id='line_1_38' title="bbox 155 2341 1269 2397; baseline 0 -14"><span class='ocrx_word' id='word_1_261' title='bbox 155 2344 331 2385; x_wconf 89' lang='lat' dir='ltr'>Ulciscor</span> <span class='ocrx_word' id='word_1_262' title='bbox 363 2345 534 2384; x_wconf 82' lang='lat' dir='ltr'>fratres.</span> <span class='ocrx_word' id='word_1_263' title='bbox 573 2344 695 2384; x_wconf 90' lang='lat' dir='ltr'>solida</span> <span class='ocrx_word' id='word_1_264' title='bbox 727 2351 787 2385; x_wconf 89' lang='lat' dir='ltr'>est</span> <span class='ocrx_word' id='word_1_265' title='bbox 818 2344 913 2385; x_wconf 88' lang='lat' dir='ltr'>mihi</span> <span class='ocrx_word' id='word_1_266' title='bbox 944 2347 1067 2397; x_wconf 87' lang='lat' dir='ltr'>gratia</span> <span class='ocrx_word' id='word_1_267' title='bbox 1098 2351 1230 2384; x_wconf 87' lang='lat' dir='ltr'>tecum</span> <span class='ocrx_word' id='word_1_268' title='bbox 1245 2341 1269 2383; x_wconf 93' lang='lat'>.’</span> 
     </span>
    </p>
   </div>
  </div>
 </body>
</html>
