1527 2580
561 127 632 173 lx,
660 132 867 163 214—286.
995 141 1167 164 nauem-es
1297 128 1376 170 181

157 237 238 277 Nec
270 239 345 277 nisi
377 245 552 278 materna
583 238 789 278 vulcanum
822 246 929 290 parte
964 246 1162 290 potentem

160 296 340 336 Sentiet.
379 303 584 336 aeternum
617 304 677 336 est
708 309 727 335 a
761 310 820 336 me
855 298 955 348 quod
991 299 1136 348 traxit,
1169 304 1208 336 et
1240 310 1378 349 expers

156 356 283 407 Atque
316 357 476 395 inmune
509 357 647 408 necis,
679 355 860 407 nullaque
894 356 1084 395 domabile
1118 356 1290 396 flamma.

158 413 280 465 quue
314 426 385 465 ego
418 414 650 454 defunctum
682 420 786 453 terra
819 414 1051 454 caelestibus
1084 416 1164 454 oris

69 479 136 512 255
156 473 354 524 Accipiam
373 504 385 525 ,
417 474 648 524 cunctisque
682 485 812 512 meum
844 473 1019 512 laetabile
1054 474 1197 512 sactum

158 530 224 570 Dis
257 532 341 570 sore
374 531 555 570 confido.
594 533 717 582 siquis
751 539 878 571 tamen
913 532 1108 584 Hercule,
1142 533 1263 582 siquis

158 589 276 629 Forte
310 589 382 629 deo
415 589 610 629 doliturus
643 592 748 642 erit,
780 590 866 629 data
892 592 1063 642 praemia
1096 591 1224 643 nolet,

160 647 235 687 Sed
269 650 461 688 meruisse
493 648 577 688 dari
608 651 734 701 sciet,
767 651 989 700 invitusque
1021 648 1202 700 probabit
1217 646 1240 688 .'

161 707 376 746 Assensere
408 707 500 746 dei.
539 709 710 747 coniunx
744 720 899 759 quoque
933 709 1039 759 regia
1071 710 1150 747 visa
1183 714 1242 746 est

71 773 138 805 260
160 765 298 804 Cetera
331 778 409 805 non
442 765 571 818 duro,
603 766 701 805 duro
735 772 864 805 tamen
896 766 1031 806 ultima
1062 766 1171 805 vultu

159 823 270 863 Dicta
301 824 438 863 tulisse
472 824 572 864 lovis
591 856 602 877 ,
634 837 754 876 seque
786 825 1001 864 indoluisse
1035 831 1229 864 notatam.

160 882 315 922 Interea
347 883 623 935 quodcumque
656 885 731 923 suit
761 883 982 935 populabile
1015 884 1214 935 flammae,

160 940 352 981 Mulciber
384 941 628 981 abstulerat:
661 954 734 981 nec
766 942 1037 993 cognoscenda
1069 943 1257 981 remansit

159 999 340 1040 Herculis
373 1000 522 1052 efligies
541 1031 552 1052 ,
584 1012 658 1040 nec
691 1003 899 1052 quicquam
940 1000 987 1039 ab
1025 1002 1191 1050 imagine
1225 1000 1383 1040 ductum

72 1066 138 1098 265
161 1058 296 1098 Matris
328 1057 447 1098 habet
464 1090 476 1112 ‚
507 1064 739 1111 tantumque
772 1059 874 1098 Iovis
906 1061 1068 1110 vestigia
1100 1065 1250 1098 servat.

160 1116 291 1168 thue
323 1129 447 1156 novus
479 1129 643 1169 serpens
675 1119 802 1169 posita
834 1130 924 1157 cum
955 1118 1054 1169 pelle
1088 1124 1244 1157 senecta

160 1175 378 1215 Luxuriare
410 1175 538 1229 solet,
570 1188 809 1227 squamaque
841 1177 968 1215 virere
1001 1177 1175 1216 recenti:

162 1234 227 1273 Sic
258 1233 327 1274 ubi
358 1234 542 1274 mortales
574 1234 802 1286 Tirynthius
834 1235 943 1274 exuit
973 1241 1105 1287 artus,

161 1292 277 1332 Parte
310 1294 372 1332 sui
403 1292 565 1332 meliore
597 1295 729 1346 viget,
761 1295 962 1344 maiorque
995 1293 1118 1332 videri

73 1359 141 1391 270
161 1351 300 1403 Coepit
330 1357 370 1391 et
401 1358 563 1403 augusta
596 1352 681 1391 fieri
712 1353 899 1403 gravitate
932 1351 1152 1391 verendus.
1196 1359 1224 1386 ι.
1245 1358 1385 1387 cxxxvii.

163 1410 290 1456 Quem
319 1415 431 1462 pater
463 1412 712 1462 omnipotens
743 1412 846 1450 inter
879 1422 968 1449 cava
1000 1409 1134 1449 nubila
1166 1415 1321 1462 raptum

164 1468 404 1520 Quadriiugo
437 1481 557 1508 curru
591 1468 831 1508 radiantibus
864 1468 995 1507 intulit
1026 1470 1164 1508 astris.

223 1527 356 1567 Sensit
397 1527 503 1567 Atlas
547 1527 730 1579 pondus.
780 1539 908 1578 neque
952 1527 1078 1566 adhuc
1117 1526 1365 1566 Stheneleius

1117 1597 1195 1625 iras

166 1644 344 1684 Solverat
374 1644 651 1697 Eurystheus,
683 1644 895 1696 odiumque
928 1646 967 1683 iu
1000 1644 1108 1696 prole
1141 1650 1348 1696 paternum

77 1711 142 1743 275
163 1702 385 1743 Exercebat
416 1709 555 1742 atrox.
594 1709 633 1742 at
663 1703 788 1755 longis
820 1704 932 1742 anxia
964 1704 1070 1742 curis

164 1761 317 1814 Argolis
342 1761 526 1801 Alcmene
545 1793 556 1814 ‚
582 1767 746 1813 questus
778 1760 845 1800 ubi
877 1768 996 1812 ponat
1027 1761 1172 1814 aniles,

166 1819 239 1861 Cui
270 1821 417 1860 referat
448 1822 529 1860 nati
560 1826 724 1860 testatos
755 1818 850 1859 orbe
883 1819 1060 1871 labores,

166 1878 287 1920 Cuive
320 1891 415 1919 suos
447 1891 591 1931 casus,
622 1878 728 1918 Iolen
760 1877 877 1917 habet
896 1909 905 1918 .
943 1877 1124 1917 Herculis
1157 1877 1260 1916 illam

166 1937 347 1990 Imperiis
378 1934 624 1988 thalam'oque
657 1938 863 1988 animoque
897 1942 1100 1988 receperat
1132 1935 1290 1989 Hyllus,

78 1996 427 2048 2801mpleratque
461 2003 617 2036 uterum
648 2007 839 2047 generoso
873 1997 1049 2034 semine.
1088 2007 1176 2033 cum
1211 1995 1266 2033 sic

166 2054 309 2106 Incipit
341 2055 553 2095 Alcmene:
586 2051 755 2094 ‘faveant
786 2053 856 2093 tibi
888 2055 1048 2093 numina
1080 2053 1240 2105 saltem,

167 2113 467 2165 CorrIpiantque
500 2125 628 2152 moras
660 2119 743 2152 tum
775 2124 865 2152 cum
897 2118 1048 2152 matura
1080 2111 1235 2150 vocabis

166 2171 433 2224 Praepositam
466 2171 612 2211 timidis
643 2170 886 2223 parientibus
918 2170 1133 2222 Ilithyiam,

167 2231 293 2277 Quam
324 2231 418 2269 mihi
451 2230 650 2269 difficilem
680 2229 840 2269 Iunonis
872 2231 994 2281 gratia
1027 2229 1140 2268 fecit.

80 2297 148 2329 285
169 2288 345 2340 Namque
378 2287 578 2328 laboriferi
611 2300 700 2327 cum
732 2290 808 2327 iam
840 2287 977 2327 natalis
1010 2288 1163 2326 adesset

167 2347 348 2387 Herculis
382 2353 421 2387 et
452 2347 646 2387 decimum
678 2352 928 2399 premeretur
961 2346 1088 2385 sidere
1121 2347 1297 2396 siguum,
