1554 2506
127 101 209 144 160
357 113 514 137 camon
675 100 890 136 METAMM
904 127 912 134 .

243 211 467 252 Abstulerat
498 209 654 262 iaculo;
686 209 834 261 lignum
867 211 950 249 sine
984 211 1162 250 acumine
1195 212 1323 251 venit.

154 271 303 311 35511·a
335 272 409 310 feri
440 275 544 308 mota
577 274 663 321 est,
697 280 770 307 nec
802 268 963 308 fulmine
995 269 1122 309 lenius
1154 271 1272 309 arsit:

243 330 394 369 Emicat
426 341 472 367 ex
505 326 629 366 oculis
648 358 659 379 ,
691 328 812 379 spirat
844 339 999 379 quoque
1031 333 1191 380 pectore
1223 328 1394 368 flamma.

243 389 370 439 thue
402 387 504 425 volat
535 385 656 425 moles
689 386 854 426 adducto
888 388 1039 426 concita
1070 399 1214 440 nervo,

244 447 298 486 Cu
372 447 471 497 petit
502 450 569 484 aut
599 457 734 484 muros
765 451 832 484 aut
863 445 996 496 plenas
1027 445 1150 485 milite
1182 453 1337 498 turres,

242 506 271 544 11
317 507 478 544 iuvenes
509 508 616 543 vasto
649 505 705 543 sic
737 506 881 555 impete
914 504 1120 544 vulnificus
1153 517 1219 544 sus

156 572 224 604 360
245 564 412 616 Fertur,
439 568 478 602 et
508 561 748 614 Eupalamon
780 563 1050 615 Pelagonaque
1070 596 1081 616 ,
1113 563 1249 603 dextra
1282 569 1435 603 tuentes

244 623 399 662 Cornua
419 653 430 674 ,
461 623 705 673 prosternit.
745 623 841 661 socii
873 634 1039 673 rapuere
1071 624 1265 662 iacentes.

243 683 291 720 At
323 692 401 720 non
433 680 609 719 letiferos
642 681 778 732 effugit
808 680 1039 720 Enaesimus
1071 682 1174 720 ictus

242 740 513 791 Hippocoonte
545 744 680 779 satus.
720 739 981 790 trepidantem
1013 745 1052 778 et
1083 746 1192 791 terga
1222 745 1424 792 parantem

243 798 405 838 Vertere
438 799 592 837 succiso
625 798 826 849 liquerunt
856 798 1002 849 poplite
1035 800 1167 838 nervi.

155 866 222 898 365
243 857 423 897 Forsitan
457 862 496 896 et
526 856 658 908 Pylius
691 858 788 896 citra
813 856 981 895 Troiana
1011 858 1182 909 perisset

243 917 465 968 Tempora:
498 916 565 954 sed
598 921 754 967 sumpto
787 917 913 967 posita
945 917 1148 955 conamine
1181 916 1227 956 ab
1259 915 1366 956 hasta

244 975 406 1014 Arboris
438 974 619 1026 insiluit,
652 986 751 1026 quae
784 974 910 1013 stabat
940 976 1146 1028 proxima,
1178 977 1320 1028 ramis,

244 1034 508 1085 Despexitque
527 1065 538 1086 ,
569 1033 655 1072 loco
690 1038 797 1072 tutus
816 1064 827 1085 ‚
860 1045 977 1084 quem
1009 1034 1163 1085 fugerat
1193 1034 1369 1074 hostem.

244 1092 434 1132 Dentibus
465 1092 528 1131 ille
562 1092 670 1131 ferox
703 1093 743 1130 in
776 1104 925 1142 querno
959 1094 1092 1143 stipite
1123 1094 1226 1132 tritis

156 1160 224 1191 370
246 1151 446 1201 [imminet
478 1151 596 1190 exitio
615 1182 626 1203 ‚
657 1149 860 1201 fidensque
887 1150 1114 1190 recentibus
1146 1150 1283 1202 armis]

243 1209 455 1262 Eurytidae
488 1210 618 1260 magni
649 1214 781 1248 rostro
813 1209 941 1248 femur
972 1209 1102 1249 hausit
1133 1209 1307 1249 adunco.

243 1270 292 1308 At
323 1269 497 1320 gemini,
529 1268 704 1307 nondum
736 1267 917 1307 caelestia
948 1268 1106 1322 sidera,
1138 1269 1305 1321 fratres,

243 1327 366 1366 Ambo
399 1328 632 1380 conspicui,
664 1328 752 1366 nive
785 1326 1075 1367 candidioribus
1108 1327 1221 1366 ambo

243 1385 506 1426 Vectabantur
537 1387 648 1436 equis
667 1417 678 1439 ,
711 1385 822 1424 ambo
854 1385 1003 1425 vibrata
1033 1398 1105 1438 per
1137 1398 1251 1426 auras

155 1454 222 1485 375
243 1445 452 1485 Hastarum
483 1444 651 1484 tremulo
685 1443 913 1495 quatiebant
944 1445 1093 1496 spicula
1124 1451 1255 1485 motu.

244 1503 413 1543 Vulnera
444 1504 660 1556 fecissent,
693 1504 769 1542 nisi
801 1505 970 1555 saetiger
1002 1505 1105 1543 inter
1138 1516 1302 1557 opacas,

243 1563 323 1602 Nec
355 1562 492 1602 iaculis
523 1563 620 1601 isset
651 1573 724 1601 nec
757 1574 857 1613 equo
890 1562 974 1601 loca
1005 1563 1167 1616 pervia,
1199 1563 1337 1603 silvas.

243 1622 500 1673 Persequitur
532 1620 717 1660 Telamon
736 1652 747 1674 ‚
779 1621 987 1672 studioque
1019 1622 1200 1661 incautus
1231 1622 1350 1662 eundi

243 1680 397 1719 Pronus
430 1679 476 1719 ab
509 1679 672 1719 arborea
705 1680 846 1719 cecidit
877 1680 1006 1719 radice
1039 1686 1238 1720 retentus.

155 1747 223 1779 380
244 1739 344 1778 Dum
375 1739 476 1778 levat
507 1739 612 1778 hunc
643 1738 784 1778 Peleus
803 1770 814 1791 ‚
845 1738 1014 1778 celerem
1046 1739 1222 1791 Tegeaea
1253 1740 1431 1792 sagittam

244 1798 420 1850 Inposuit
452 1810 571 1837 nervo
605 1798 839 1849 sinuatoque
872 1797 1021 1850 expulit
1051 1809 1167 1838 arcu.

244 1857 335 1896 Fixa
367 1856 440 1896 sub
473 1869 567 1896 aure
599 1857 673 1896 feri
705 1868 900 1896 summum
934 1857 1143 1908 destringit
1172 1856 1350 1897 harundo

245 1915 396 1968 Corpus
414 1947 426 1968 ,
458 1922 498 1955 et
529 1916 669 1967 exiguo
702 1915 896 1955 rubefecit
927 1917 1117 1967 sanguine
1147 1921 1296 1956 saetas.

244 1974 325 2013 Nec
358 1980 486 2013 tamen
519 1974 582 2013 illa
614 1975 676 2014 sui
707 1986 894 2014 successu
926 1974 1064 2014 laetior
1095 1975 1228 2028 ictus,

156 2039 223 2071 385
245 2033 369 2078 Quam
401 2033 615 2085 Meleagros
648 2039 759 2072 erat.
797 2034 947 2085 primus
979 2033 1122 2073 vidisse
1154 2039 1340 2087 putatur,

246 2091 295 2130 Et
326 2093 477 2142 primus
509 2094 627 2132 sociis
658 2094 784 2131 visum
816 2092 1036 2131 ostendisse
1068 2104 1274 2145 cruorem,

244 2149 294 2189 Et
326 2147 540 2190 ‘meritum'
573 2151 717 2190 dixisse
751 2148 870 2191 ‘feres
902 2152 1058 2191 virtutis
1089 2151 1281 2191 honorem
1295 2147 1321 2190 .’

244 2208 450 2248 Erubuere
482 2211 583 2262 viri,
615 2222 736 2261 seque
769 2210 1027 2250 exhortantur
1058 2216 1098 2250 et
1128 2210 1277 2250 addunt

245 2266 342 2307 Cum
374 2268 543 2307 clamore
576 2271 754 2322 animos,
786 2271 1011 2320 iaciuntque
1043 2270 1128 2308 sine
1160 2269 1298 2308 ordine
1330 2267 1426 2309 tela.

157 2335 223 2366 390
245 2325 377 2366 Turba
409 2333 525 2366 nocet
556 2328 696 2377 iactis,
729 2333 767 2367 et
799 2340 897 2379 quos
929 2329 1056 2380 petit,
1087 2327 1249 2381 impedit
1281 2330 1405 2367 ictus.
