1554 2506
138 85 194 124 52
360 93 514 116 ,aennon
687 77 899 113 METAMM
914 103 921 111 .

255 191 387 242 Deque
420 190 510 241 lupo
543 193 730 238 concepta
760 185 878 238 Nape,
928 186 1178 238 pecudesque
1211 185 1346 226 secuta

170 257 234 289 215
254 250 489 300 Poemenis,
521 252 561 286 et
591 247 692 284 natis
724 246 905 284 comitata
936 244 1104 297 Harpyia
1137 244 1315 298 duobus,

257 308 306 347 Et
337 306 548 346 substricta
578 316 719 355 gerens
751 303 956 355 Sicyonius
988 304 1052 343 ilia
1083 303 1217 343 Ladon

256 366 305 405 Et
335 365 498 404 Dromas
531 368 570 401 et
601 361 750 402 Canace
783 361 985 413 Sticteque
1017 367 1057 402 et
1087 362 1217 413 Tigris
1249 368 1289 402 et
1313 361 1428 414 Alce,

256 424 305 463 Et
336 424 458 462 niveis
490 420 678 473 Leucon,
711 426 749 460 et
774 420 873 460 villis
905 420 1072 460 Asbolus
1107 422 1226 473 atris,

255 480 581 532 Praevalidusque
614 479 743 519 Lacon
774 485 813 519 et
845 491 964 519 cursu
996 480 1108 519 fortis
1139 479 1246 519 Aello

169 549 235 581 220
255 541 304 579 Et
329 539 462 578 Thous
495 544 534 578 et
566 537 707 590 Cyprio
739 538 850 577 velox
882 550 971 578 cum
1003 539 1123 578 fratre
1155 537 1340 591 Lycisce,

254 599 304 637 Et
334 599 486 648 nigram
517 596 645 636 medio
677 597 848 636 frontem
880 597 1089 636 distinctus
1121 596 1168 636 ab
1201 596 1287 636 albo

255 655 443 707 Harpalos
477 661 516 695 et
546 654 745 695 Melaneus
777 655 1008 706 hirsutaque
1040 667 1206 707 corpore
1238 655 1418 708 Lachne,

254 715 304 755 Et
334 720 445 766 patre
477 714 635 753 Dictaeo
661 745 671 765 ,
703 713 772 752 sed
804 725 843 752 m
884 725 928 752 re
960 712 1153 753 Laconide
1185 716 1266 753 nati

254 772 401 812 Labros
427 778 466 812 et
496 772 689 824 Agriodus
707 803 719 824 ,
750 778 790 811 et
820 777 933 812 acuta
987 774 1094 811 vocis
1123 771 1331 825 Hylactor,

167 839 233 871 225
255 832 440 882 Quosque
472 831 623 870 referre
643 842 752 869 mora
773 836 861 870 est.
893 843 938 870 ea
963 830 1079 870 turba
1107 830 1290 882 cupidine
1310 831 1477 882 praedae

254 890 330 930 Per
361 902 481 941 rupes
514 889 774 941 scopulosque
807 889 992 940 adituque
1025 890 1198 929 carentia
1229 901 1319 928 saxa

256 949 418 1000 Quaque
439 953 500 988 est
518 947 686 987 difficilis
704 980 715 1000 ,
742 960 895 999 quaque
917 953 976 987 est
995 948 1054 986 via
1074 947 1179 987 nulla
1196 979 1208 1001 ,
1233 953 1476 1000 sequuntur.

254 1007 321 1046 Ille
354 1007 453 1058 fugit
482 1018 554 1058 per
586 1018 684 1057 quae
717 1006 845 1045 fuerat
875 1006 959 1045 loca
990 1018 1105 1057 saepe
1138 1011 1321 1059 secutus,

255 1065 341 1105 Heu
374 1065 539 1104 famulos
571 1065 670 1115 fugit
700 1066 784 1116 ipse
817 1063 938 1104 suos!
971 1063 1137 1103 clamare
1168 1064 1315 1104 libebat

168 1132 236 1164 230
257 1121 442 1162 ‘Actaeon
475 1135 545 1174 ego
578 1135 694 1175 sum,
727 1122 928 1162 dominum
959 1124 1184 1174 cognoscite
1216 1129 1392 1163 vestrum
1405 1120 1431 1162 l'

254 1181 380 1221 Verba
412 1183 539 1220 animo
572 1181 743 1220 desunt.
782 1186 940 1221 resonat
964 1181 1170 1221 latratibus
1202 1181 1359 1221 aether.

255 1241 386 1280 Prima
416 1240 702 1279 Melanchaetes
733 1241 774 1278 in
805 1245 915 1291 tergo
947 1239 1108 1279 vulnera
1139 1240 1256 1293 fecit,

256 1299 437 1338 Proxima
474 1298 756 1349 Theridamas;
789 1297 1070 1350 Oresitrophus
1107 1297 1233 1337 haesit
1269 1300 1310 1337 in
1348 1311 1476 1338 arm0.

258 1357 425 1396 Tardius
458 1358 662 1408 exierant,
695 1357 762 1396 sed
794 1369 866 1408 per
898 1356 1128 1408 compendia
1159 1359 1303 1397 montis

169 1423 236 1456 235
256 1417 476 1467 Anticipata
506 1416 566 1454 via
597 1420 684 1454 est.
724 1415 925 1454 dominum
956 1414 1219 1454 retinentibus
1249 1415 1349 1468 illis,

259 1474 397 1528 Cetera
422 1473 536 1513 turba
568 1474 647 1512 coit
678 1474 909 1525 confertque
941 1475 981 1512 in
1013 1485 1179 1525 corpore
1211 1473 1373 1513 dentes.

257 1533 337 1571 Iam
367 1532 451 1571 loca
483 1531 711 1571 vulneribus
749 1532 919 1571 desunt.
958 1533 1078 1583 gemit
1108 1531 1173 1570 ille
1191 1563 1203 1584 ,
1235 1544 1479 1585 sonumque,

257 1591 342 1630 Etsi
372 1602 451 1630 non
482 1590 679 1643 hominis,
711 1601 828 1642 quem
859 1602 938 1629 non
969 1596 1099 1629 tamen
1131 1590 1249 1630 edere
1279 1592 1405 1643 possit

258 1649 405 1688 Cervus
424 1681 436 1701 ,
468 1648 585 1688 habet
602 1680 613 1701 ,
645 1651 883 1700 maestisque
904 1649 1030 1700 replet
1049 1650 1138 1700 iuga
1159 1655 1251 1688 nota
1271 1649 1478 1700 querellis.

171 1716 238 1748 240
261 1707 327 1758 [Et
358 1707 524 1758 genibus
554 1708 691 1758 pronis
723 1707 886 1759 supplex
913 1707 1129 1758 similisque
1161 1709 1316 1759 roganti

259 1766 496 1805 Circumfert
526 1767 665 1804 tacitos
697 1771 894 1817 tamquam
925 1777 995 1804 sua
1026 1765 1209 1805 bracchia
1238 1765 1371 1805 vultus
1386 1765 1413 1816 ,]

259 1826 308 1863 At
340 1825 502 1863 comites
534 1823 713 1875 rapidum
746 1824 870 1863 solitis
901 1823 1123 1863 hortatibus
1154 1835 1292 1875 agmen

259 1883 387 1933 Ignari
417 1884 627 1935 instigant,
658 1882 860 1933 oculisque
891 1882 1334 1936 Actaeonaffluaerunt,

260 1940 310 1979 Et
340 1940 447 1980 velut
477 1940 680 1980 absentem
712 1942 891 1980 certatim
923 1941 1119 1980 Actaeona
1150 1940 1318 1980 clamant
1349 1963 1404 1969 -

174 2007 240 2038 245
261 1999 318 2037 Ad
350 2011 492 2037 nomen
524 2005 640 2050 caput
671 1998 735 2038 ille
766 2000 890 2038 refert
922 2021 976 2027 —
1010 2005 1050 2038 et
1080 1998 1216 2038 abesse
1237 2005 1481 2051 queruntur,

261 2057 342 2095 Nec
373 2068 513 2108 capere
545 2057 695 2096 oblatae
727 2069 887 2109 segnem
918 2057 1142 2109 spectacula
1172 2057 1362 2109 praedae.

263 2114 386 2153 Vellet
417 2114 553 2154 abesse
586 2115 742 2166 quidem
760 2147 772 2169 ‚
803 2116 872 2155 sed
904 2115 1042 2155 adest:
1072 2115 1266 2167 velletque
1297 2116 1453 2168 videre,

262 2173 349 2211 Non
382 2174 497 2212 etiam
529 2175 675 2212 sentire
702 2186 843 2214 canum
874 2175 956 2214 fera
987 2175 1089 2214 facta
1120 2186 1305 2214 suorum.

262 2230 442 2282 Undique
475 2232 754 2285 circumstant,
786 2234 1005 2284 mersisque
1037 2234 1078 2272 in
1110 2244 1275 2284 corpore
1308 2233 1447 2272 rostris

178 2297 244 2330 250
265 2289 486 2329 Dilacerant
519 2289 605 2328 falsi
630 2290 830 2330 dominum
857 2290 930 2330 sub
962 2292 1129 2344 imagine
1161 2293 1289 2332 cervi.
